2882 4986
834 403 880 469 36

376 584 498 653 habere
526 573 748 652 domicilium,
777 573 958 661 intelligas,
985 573 1014 638 si
1037 593 1103 659 qno
1125 573 1202 638 loco
1231 594 1314 664 opus
1340 580 1396 640 eat

377 698 419 764 ad
440 689 630 762 Aristotelis
652 685 876 752 testimonium
896 683 1181 763 confirmandum,
1204 684 1395 752 ePlatonis

375 807 554 875 Phaedone
576 824 608 888 p.
620 797 693 866 100.
713 821 742 864 a.
762 798 878 888 Steph.
901 797 1055 886 Sophiste
1077 821 1108 888 p.
1120 793 1196 864 259.
1209 793 1249 866 a.
1269 799 1396 889 Steph.

305 947 308 952 ·
378 915 617 1004 Quaerendum
638 923 748 978 autem
765 913 836 991 est,
864 910 1031 997 quomodo
1052 909 1395 978 AristoteleaPlato-

374 1055 455 1100 nem
471 1049 597 1095 nomen
618 1036 746 1107 tantum
767 1036 910 1090 mutasse
931 1023 1070 1102 dixerit3
1100 1024 1268 1090 diversum
1290 1026 1393 1092 enim

257 1173 265 1188 ¹
377 1143 510 1212 videtur
524 1137 664 1216 imitari,
686 1159 724 1224 ap
737 1137 786 1203 rei
801 1133 997 1224 participem
1013 1159 1092 1230 esset
1134 1137 1274 1204 Interest
1292 1152 1393 1206 certe

372 1255 502 1342 aliquid
530 1246 618 1318 iuter
647 1240 771 1331 pluuntur
799 1259 831 1312 ct
851 1247 995 1331 μέθεξιν,
1028 1260 1065 1313 ul
1088 1248 1185 1314 aliter
1212 1273 1287 1314 rem
1320 1251 1390 1316 sibi

376 1363 569 1454 cogitaverit
589 1363 697 1438 Plato,
728 1358 824 1426 aliter
845 1359 1056 1447 Pythagorei.
1119 1361 1265 1447 Utrique
1290 1344 1388 1428 enim

372 1485 410 1548 in
433 1477 571 1570 proprio
593 1473 695 1542 verbo
715 1493 795 1538 suae
812 1468 900 1551 viae,
921 1473 1046 1560 quaad
1069 1473 1240 1540 notionem
1259 1497 1388 1562 per-ve.

373 1594 503 1666 uariat,
529 1586 707 1678 vestigium
725 1584 947 1670 reliquerunt,
967 1582 1062 1654 Plato
1082 1587 1288 1666 dialecticae,
1310 1589 1386 1676 Py-

371 1701 526 1792 thagorei
552 1698 799 1766 mathematicae
826 1708 859 1763 et
880 1695 1048 1786 physicae.
1110 1677 1190 1776 llle,
1219 1713 1257 1765 ut
1284 1724 1385 1766 corn-

253 1875 256 1882 .
371 1817 469 1884 muni
497 1813 632 1880 notione
654 1811 753 1876 rebus
778 1808 878 1896 fiunis
905 1812 1121 1877 constantiam
1149 1813 1300 1892 alienet,
1338 1815 1382 1880 ad

349 1933 433 2016 Ιτῶν
454 1927 541 1993 ἰδεῶν
561 1925 690 2008 μέθεξιν
716 1923 841 1988 delatus
863 1923 1000 2012 calchi,
1027 1924 1206 2003 «uoniam,
1234 1928 1383 2012 quaesit

369 2060 591 2108 numerorum
609 2035 645 2100 iu
663 2035 761 2101 rebus
780 2036 840 2115 vis,
860 2047 1116 2124 perspexerunt,
1144 2035 1203 2106 has
1215 2059 1378 2102 numero-

338 2189 340 2195 2
370 2177 451 2218 ,rum
471 2147 690 2216 imitationem
712 2148 931 2236 appellabant.
956 2147 1201 2235 Pythagorei,
1232 2149 1377 2236 seposita

373 2287 509 2356 eorum,¹
540 2284 624 2348 quae
652 2260 688 2325 in
714 2260 844 2346 singula
872 2281 1022 2345 quaeque
1042 2261 1181 2341 cadunt,
1207 2260 1379 2342 infinitate,

372 2401 426 2444 ree
454 2353 539 2465 ipsae
564 2393 722 2440 numeros
757 2374 827 2438 esse
852 2373 907 2438 vel
934 2373 1023 2440 cette
1049 2395 1166 2438 eorum
1195 2372 1377 2460 imaginem
1422 2359 1423 2438 l

371 2487 597 2561 affirmabant;
616 2485 710 2550 Plato
731 2497 842 2551 autem
861 2483 947 2551 hanc
962 2507 1077 2552 rerum
1094 2485 1289 2551 infinitatem
1301 2483 1378 2552 ina·

291 2675 295 2684 ι
370 2605 419 2687 gis
432 2621 608 2686 agnoscens
627 2621 701 2662 eam
714 2591 911 2685 temperavit
933 2609 965 2663 et
980 2617 1019 2663 eo
1038 2596 1201 2679 firmavit,
1230 2599 1317 2684 quod
1339 2600 1376 2666 in

370 2725 580 2778 aeternarum
601 2708 753 2792 idearum
771 2720 901 2797 partem
919 2711 1067 2776 vocabat.
1110 2711 1168 2778 Ab
1190 2709 1253 2776 hac
1273 2711 1376 2799 igitur

342 2891 345 2896 .
366 2837 462 2915 parte
483 2823 577 2889 Plato
597 2834 736 2888 nomen·
749 2833 877 2888 tantum
899 2801 1042 2888 mutasse
1069 2823 1179 2888 minus
1198 2823 1375 2906 juste-dici

361 2946 636 3028 ¹potest31‘neque
663 2917 753 3000 enim
780 2935 950 3002 notionem
978 2936 1112 3001 aliunde
1140 2949 1307 3026 acceptam
1337 2942 1374 3005 in

305 3079 308 3089 ·
368 3071 466 3114 enum
484 3067 581 3112 neum
603 3045 783 3126 convertit,
805 3047 863 3113 sed
884 3047 1021 3136 propria
1044 3048 1184 3137 proprie
1206 3051 1372 3138 significa.

320 3169 324 3176 '
366 3163 424 3228 vit.
467 3143 527 3225 stri
536 3152 696 3224 autemid
711 3160 819 3224 solum
834 3168 1012 3248 spectatur,
1031 3184 1074 3226 an
1089 3161 1220 3228 diversa
1234 3164 1287 3229 vel
1301 3185 1366 3227 uu·
1421 3211 1422 3248 ,

365 3295 538 3340 merorum
554 3271 607 3336 vel
628 3269 779 3336 idearum
799 3271 886 3359 apud
902 3272 1128 3360 Pythagoreos
1148 3276 1368 3342 et'Platonem
1421 3263 1422 3308 ἶ

364 3385 520 3451 cernatur
541 3384 606 3464 vie,
628 3396 723 3449 acute
744 3377 882 3478 quidem
894 3385 1107 3466 Aristotelea,
1126 3410 1165 3452 re
1185 3411 1266 3454 vera
1287 3411 1370 3456 ean-

282 3581 287 3592 !
365 3499 441 3564 dem
462 3520 531 3562 esse
551 3496 725 3563 rationem.
782 3495 863 3562 Sive
883 3496 973 3562 enim
999 3498 1152 3564 idearum
1172 3503 1213 3568 eit
1231 3500 1369 3584 μέθεξις,

363 3611 433 3676 aive
447 3611 587 3690 μίμησις,
606 3607 642 3672 iu
659 3607 758 3674 rebus
773 3611 854 3697 ipsis
872 3610 1020 3676 absoluta
1036 3610 1110 3676 idea
1131 3634 1199 3677 non
1217 3627 1369 3702 apparet,

362 3701 579 3787 ccdlinfinitie
606 3721 713 3807 iisque
744 3719 983 3814 fluctuantibus¹
1001 3745 1114 3790 rerum
1144 3724 1230 3790 notis
1257 3749 1367 3814 paene

247 3881 250 3890 .
361 3833 491 3898 obruta.
539 3833 637 3898 Unde
658 3845 690 3899 ct
709 3833 784 3900 fieri
805 3835 975 3914 existimo,
997 3847 1033 3902 ut
1054 3836 1165 3917 Plato,
1188 3821 1246 3904 ubi
1266 3838 1365 3906 ideae

357 3945 534 4011 adrerum
557 3957 717 4036 naturam¹
737 3944 972 4026 conferuntur,
1007 3947 1104 4030 hujus
1126 3948 1217 4016 vocis
1234 3953 1366 4033 μέθεξις

354 4057 463 4124 minue
489 4057 532 4123 sit
564 4069 678 4134 tenax,
702 4059 743 4164 ad
764 4059 1052 4149 Pythagoreorum
1087 4084 1185 4134 usum
1217 4065 1360 4154 propius
