2868 4988
531 348 625 414 *st
697 401 701 408 .

95 536 187 601 erat,
209 520 294 588 sicut
316 521 576 588 numerianum
598 531 771 613 expetant,
797 531 835 586 ut
855 521 954 586 unius
976 522 1112 612 partici-

94 661 159 724 pes
179 635 276 717 fiant,
297 635 342 700 ita
363 635 457 714 bona,
473 648 607 701 eatenus
628 646 759 701 tantum
781 657 850 700 esse
871 635 976 717 bona,
996 649 1113 722 quate·-

93 773 162 815 nus
187 750 226 814 ad
251 748 359 836 ipsum
391 749 537 838 bonum,
580 749 730 837 primum
764 747 849 814 illud
885 737 919 813 et
946 749 1110 838 princeps,

95 862 300 946 relocantur.
352 861 388 926 Si
405 861 605 928 Aristoteles
629 881 798 942 numeros,
817 862 871 928 vel
893 862 984 946 bona
1004 886 1111 929 unum
1190 905 1193 912 ι

30 1003 41 1012 ¹*
88 981 258 1064 expetere
281 987 394 1061 negat,
408 977 503 1067 quod
523 975 564 1040 iis
584 971 653 1041 vita
670 974 713 1039 sit
736 974 847 1052 nulla,
874 975 979 1042 verba
996 975 1112 1062 magis,

61 1110 63 1117 '
88 1091 201 1175 quam
217 1111 290 1153 rem
310 1089 428 1154 sectari
445 1089 586 1154 videtur.
630 1087 695 1152 Sed
714 1087 835 1174 gravis
846 1099 894 1154 est
908 1109 947 1151 ea
961 1087 1113 1170 objectio,

96 1203 270 1288 quomodo
299 1179 434 1267 numeri
459 1225 567 1278 unum
591 1212 766 1290 expetant,
782 1225 864 1278 ,non
876 1223 881 1231 ·
895 1223 964 1265 esse
992 1200 1114 1268 defini-

97 1329 183 1380 tum.
247 1315 282 1380 Si
309 1327 460 1380 crescunt
487 1293 638 1406 numeri,
671 1337 777 1380 unum
808 1313 900 1400 quasi
922 1311 1116 1400 fugere'vi-,

98 1431 259 1506 deantur3
279 1428 336 1492 sed
358 1428 475 1509 simul,
498 1438 790 1572 quantumcunque
808 1439 987 1514 augentur,
1008 1451 1114 1516 expe-
1189 1449 1192 1456 ’

98 1553 180 1606 tunt
202 1538 467 1626 quodammorl03
499 1563 579 1606 nam
603 1552 641 1605 ut
663 1520 1011 1620 sint‘certivnameri,
1045 1565 1113 1610 una

79 1677 82 1684 ’
100 1656 298 1741 cogitatione
319 1655 355 1719 in
377 1676 483 1719 unum
505 1665 582 1720 sunt
604 1653 839 1738 conjungendi,
893 1655 971 1720 Hoc
1000 1654 1113 1744 ipsum

103 1790 145 1832 an
166 1769 222 1842 iis,
244 1765 300 1852 qui
322 1758 427 1864 unum
446 1791 466 1832 a
485 1766 637 1851 numeris
657 1765 771 1854 expeti
793 1766 968 1847 dixerunt,
997 1770 1113 1853 obser·
1137 1842 1139 1849 s

105 1881 357 1957 vatumsfuerit,
378 1880 416 1947 in
438 1881 558 1947 medio,
572 1862 830 1969 relinquendum
853 1893 911 1948 est.

186 1995 279 2060 Haeo
306 1994 379 2060 scre
407 2015 446 2060 ea
473 2005 567 2068 sunt,
600 2017 685 2080 quae
708 1995 750 2060 de
778 1995 919 2061 numeri
938 1995 1054 2063 idealis
1080 2011 1113 2064 et
1152 2011 1154 2016 “

100 2107 326 2174 mathematici
354 2107 546 2173 discrimine
569 2130 612 2173 ex
632 2106 814 2174 Aristotele
833 2105 990 2174 conferre
1012 2097 1114 2176 sciviss

101 2243 186 2284 mus.
230 2220 267 2284 Si
286 2222 376 2287 viam
397 2221 593 2310 respicimus
614 2232 782 2298 nostram,
803 2242 963 2307 magnum
985 2232 1018 2290 et
1032 2242 1114 2311 par-

99 2355 202 2410 vum,
213 2355 289 2418 qno
303 2335 456 2400 idearum
472 2357 548 2398 cum
567 2334 716 2400 numeris
736 2332 848 2399 existit
862 2335 1026 2420 cognatio,
1047 2335 1114 2402 huo

100 2469 163 2510 nos
185 2447 333 2512 deduxit.
390 2447 465 2513 Jam
487 2429 610 2515 rursus
640 2446 731 2511 subit
759 2445 923 2533 quaestio,
953 2469 997 2512 an
1017 2446 1113 2514 ideae
1163 2511 1164 2516 ,

98 2559 186 2624 nihil
209 2560 274 2635 nisi
295 2563 380 2625 meri
402 2559 438 2628 hi
460 2559 595 2626 numeri
615 2560 746 2625 ideales.
789 2559 829 2623 In
844 2581 910 2645 quo
933 2575 1112 2645 argumen-

41 2673 49 2689 “
100 2661 149 2754 ta,
172 2695 257 2760 quae
272 2696 345 2738 rem
368 2673 565 2760 decernant,
588 2673 623 2740 in
646 2673 743 2752 locis,
765 2694 850 2759 quae
870 2673 1034 2760 persecuti
1054 2695 1117 2738 sn·-

99 2808 192 2864 mus,
215 2783 338 2850 frustra
361 2787 574 2874 quaerimus·
606 2784 763 2863 Etiamsi,
780 2796 823 2880 ¹ut
843 2785 1005 2864 vidimus,
1028 2807 1112 2888 pro-

101 2899 182 3000 priis
198 2896 323 2964 horum
345 2900 502 2966 idealium
520 2921 740 2986 numerorum
761 2896 933 2963 elementis
949 2898 1113 2983 quodam-

103 3013 203 3075 mo'do
219 3023 349 3077 cautum
366 3013 418 3091 sit,
434 3036 475 3077 ne
495 3014 604 3078 omnis
621 3010 766 3076 notionis
779 3011 889 3077 vitalis
907 3011 1000 3097 quasi
1015 3005 1124 3098 vigor.

102 3124 138 3187 in
161 3119 230 3212 ipsa
249 3121 462 3192 varietate'et
484 3124 671 3191 differentia
695 3123 819 3214 positus
839 3125 929 3190 lenta
952 3107 1113 3190 numero·
1174 3180 1178 3188 s

97 3259 179 3306 rum
207 3262 248 3304 ex
277 3263 344 3304 una
373 3250 405 3304 et
440 3241 555 3304 eadem
590 3239 735 3304 monade
771 3224 1112 3324 genitorum‘natura
1165 3273 1195 3327 7

98 3362 254 3436 tanquam
284 3354 371 3418 serlo
392 3353 605 3438 aequabiliter
632 3350 750 3416 fluenti
780 3341 969 3415 tolleretur:
1000 3363 1115 3430 tamen¹

98 3460 181 3527 haec
211 3441 317 3530 calutio
349 3489 418 3530 non
447 3477 536 3530 tanta
565 3459 635 3544 est,
670 3476 791 3551 quanta
805 3463 937 3580 ,omnia
965 3464 1111 3548 notionis

98 3576 194 3662 quasi
214 3576 288 3659 jura
311 3591 455 3646 tueatur.
519 3578 556 3643 Si
578 3577 733 3642 universa
755 3588 787 3642 et
807 3598 938 3641 summe
960 3578 1112 3644 Graeco·
1137 3655 1147 3664 .

97 3711 177 3754 rum
214 3692 304 3756 vitae
340 3687 468 3758 indoles
501 3691 715 3780 pulchritudo
756 3690 821 3756 dici
856 3702 980 3779 potest,
1017 3689 1109 3769 haec,
1178 3695 1182 3700 “

98 3781 383 3888 quemadmodum
407 3818 439 3871 et
461 3805 706 3895 philosophiam
727 3802 943 3893 temperavit,
970 3801 1006 3866 in
1029 3803 1110 3868 Pla-

98 3915 189 3981 tonis
211 3917 293 3983 ‘ideis
323 3919 471 3983 absolute
502 3930 649 4008 apparet.
672 3973 680 3986 s
701 3917 816 4004 Quid?
853 3915 940 4002 quod
970 3916 1023 4014 5¹¹„
1034 3915 1109 3982 idea

100 4032 193 4097 notio
220 4041 379 4120 tanquam
413 4041 520 4098 statua
551 4032 720 4120 exsculpta
754 4041 787 4096 et
820 4031 924 4097 oculis
959 4029 1107 4119 exposita
