2868 4988
395 509 487 578 dunt.
531 506 572 576 ln
594 527 751 574 numeros
774 519 884 586 eutem
899 507 1111 599 lucratione
1127 517 1218 604 prius
1239 531 1272 584 ct
1299 535 1417 609 poste-

393 625 465 690 rius
487 599 591 702 cadite
612 620 778 710 posterior
802 621 927 688 enimc
947 647 1169 694 numerorum
1190 633 1277 697 serie
1305 637 1417 722 priori

394 739 552 822 tanquam
575 734 765 800 conditione
790 733 906 800 nititur
925 759 1070 823 eumque
1092 741 1247 809 continet.
1297 748 1414 832 Quart

396 847 583 914 communis
618 847 770 912 omnium
808 871 1029 917 numerorum
1052 852 1132 921 idea
1167 852 1242 941 (coir
1264 850 1411 945 dpsdpu'ir

366 959 473 1045 xide'u)
497 959 610 1049 parari
632 985 701 1026 non
729 960 833 1038 licuit.
876 961 1005 1046 Singuli
1027 987 1109 1029 vero
1132 969 1288 1048 numeri,
1316 997 1411 1062 prae

314 1083 320 1097 “
393 1075 510 1139 sertim
530 1068 736 1160 ἀσύμβλητοι,
771 1073 946 1158 inquibus
973 1098 1036 1170 per
1063 1102 1099 1144 se
1128 1081 1297 1162 ejusmodi
1329 1091 1408 1154 ratio

394 1209 462 1254 uon
479 1187 620 1266 obtinet
642 1209 820 1272 quominus
839 1186 935 1252 ideae
949 1187 1044 1267 fiant
1066 1189 1202 1283 hisnon
1221 1197 1417 1283 prohiberi

333 1329 338 1338 ·
382 1313 457 1366 'tur
499 1299 549 1364 Ita
572 1301 664 1414 prius
684 1312 720 1365 et
739 1301 903 1389 posterius
926 1301 967 1364 ad
989 1303 1261 1374 mathematicum
1291 1323 1405 1380 riumo-

393 1417 472 1481 rum
495 1381 671 1479 remissum
694 1424 750 1479 est.
816 1415 892 1479 Hoc
921 1425 953 1478 et
978 1429 1117 1504 propter
1139 1421 1188 1484 rei
1211 1433 1246 1487 et
1266 1443 1404 1518 propter

393 1529 460 1594 loci
481 1527 521 1590 de
543 1525 650 1615 priori
671 1538 703 1592 et
729 1526 920 1614 posteriori
928 1549 1145 1594 consensum
1151 1543 1239 1600 sture
1262 1540 1403 1624 videtur,

364 1618 369 1623 .
394 1651 433 1704 ut
453 1640 635 1705 verborum
663 1661 705 1703 ex
727 1640 840 1704 ethicis
865 1641 946 1704 fides
977 1643 1101 1738 clerari
1119 1665 1191 1710 non
1211 1649 1352 1720 'debeat
1370 1696 1396 1708 -

340 1749 342 1754 ’
394 1753 458 1818 Sed
470 1744 563 1838 ‘'quid
584 1753 717 1818 tandein
733 1753 837 1818 altero
859 1753 1165 1842 metaphysicorum
1187 1761 1265 1828 loco
1283 1767 1417 1836 facien·

394 1866 497 1932 dum?
540 1866 643 1931 Plane
665 1889 755 1931 enlm
773 1866 976 1932 adversatur
1020 1867 1233 1970 Sintendum
1254 1899 1404 1963 quaeras,

292 1944 299 1958 ‚
394 1969 488 2056 inc,
479 2003 515 2044 ιιι
538 2001 604 2063 quo
629 1979 710 2045 levis
734 1989 863 2072 tantum
887 1981 1012 2060 notitia,
1033 1981 1160 2064 majore
1181 1971 1271 2066 jure,
1308 2017 1404 2080 quam

391 2092 450 2158 ille
471 2091 712 2170 ethicorum,
701 2107 736 2156 ιιι
761 2112 827 2177 quo
850 2093 964 2159 omnia
992 2093 1134 2162 firmiter
1155 2098 1228 2165 sibi
1226 2091 1417 2188 constent,

393 2205 428 2272 in
450 2202 670 2290 suspicionem
692 2202 846 2273 incurrit.
897 2206 946 2272 Ut
968 2208 1080 2286 omnia
1101 2210 1191 2277 intc1
1210 2237 1243 2280 se
1266 2227 1408 2310 conspi-

392 2329 484 2394 rent,
506 2317 675 2418 conjicias,
697 2318 862 2388 excidisse.
878 2321 1089 2406 negationem
1110 2321 1172 2409 μή,
1195 2335 1404 2401 antecedenti

392 2429 603 2519 particula
570 2457 624 2510 μιν
646 2431 760 2512 facile,
782 2444 820 2496 ut
834 2431 889 2513 fit,
910 2422 1005 2521 qnasi
1024 2436 1231 2526 absorptam,
1256 2457 1296 2510 ut
1309 2449 1402 2540 lege·

367 2536 492 2625 'tur
465 2569 542 2608 ειιαι
564 2538 636 2620 τοὺς
656 2542 878 2628 ἀριθμοὺς,
849 2571 902 2611 τοι
923 2547 978 2631 μὲν
998 2547 1039 2630 μή
1028 2553 1167 2636 ιὲχοιτα
1189 2551 1246 2622 τὸ
1254 2559 1398 2646 πρότεροι

390 2655 443 2718 καὶ
464 2649 589 2736 ι’σιιρον
609 2653 661 2731 τὰς
682 2657 730 2722 u'
714 2681 773 2733 eac.
824 2657 939 2742 Quam
957 2661 1092 2749 quidem
1114 2667 1283 2742 rationem
1305 2679 1417 2763 magis}

391 2790 460 2832 esse
483 2769 599 2833 ultima
620 2743 769 2857 quaeque
792 2773 1010 2862 experientis,
1038 2801 1136 2870 qulam
1160 2791 1386 2871 componentis

389 2881 531 2945 libenter
560 2882 730 2948 confiteor.
794 2883 859 2970 Sed
889 2909 991 2973 quum
1022 2899 1145 2979 perse
1168 2919 1315 2983 prorsus
1340 2928 1394 2969 non

331 3041 333 3048 .
389 2993 533 3080 capiam,
556 2995 699 3078 quid'sit
719 3019 881 3064 numerus
911 3002 1006 3088 prius
1038 3009 1071 3069 e't
1098 3010 1261 3093 posterius
1293 3019 1417 3096 conti-¹

387 3127 487 3182 neiis,
508 3105 553 3170 ita
577 3106 730 3192 quidem,
754 3120 790 3173 ut
812 3109 872 3214 huc
895 3127 979 3202 notu
995 3117 1035 3182 ab
1058 3119 1132 3186 aliis
1155 3125 1309 3190 numeris
1324 3151 1400 3192 om-

312 3255 314 3260 ·
386 3217 483 3282 nibus
499 3217 732 3306 distinguatur:
754 3223 821 3304 jam
835 3227 926 3292 illam
944 3231 1166 3314 conjecturem
1184 3237 1399 3324 retinendum

386 3351 520 3406 censeo,
544 3325 650 3398 donec
672 3335 778 3422 aptius
801 3339 879 3422 quid
903 3340 1003 3416 fucrit
1026 3358 1209 3436 repertum.

468 3443 504 3506 Si
525 3447 707 3529 quaeritur,
729 3457 811 3534 quot
831 3451 958 3520 fuerint
975 3459 1108 3523 numeri
1130 3463 1253 3530 ideaies
1277 3479 1314 3532 et
1333 3491 1393 3556 qus

382 3551 454 3640 lege
481 3577 584 3640 genus
613 3581 732 3626 corum
759 3562 800 3626 sit
830 3559 1126 3657 circumscriptum
1142 3587 1175 3640 et
1204 3575 1391 3684 definitum,
1416 3557 1417 3620 i

301 3741 307 3754 Ι
380 3677 418 3730 ιιι
441 3690 501 3731 nec
521 3671 607 3750 justo
625 3673 767 3758 plur'es
757 3692 944 3765 irreperent
964 3705 1071 3770 neque
1093 3688 1148 3752 ulii
1171 3674 1387 3762 excluderen-

377 3770 450 3844 turz
479 3781 513 3845 iu
536 3781 598 3846 huc
620 3777 676 3859 re,
699 3807 797 3874 quum
822 3783 986 3860 rationem
1010 3798 1105 3864 Plato
1134 3814 1264 3870 secutus
1293 3809 1385 3888 sit,e

371 3893 481 3981 parcis
502 3894 583 3972 illis,
606 3918 688 3982 quae
704 3901 802 3967 nobis
818 3904 930 3970 relicta
945 3922 1036 3996 sunt,
1059 3915 1203 4002 vestigiis
1223 3922 1385 3986 nonsatis

370 4021 579 4093 perspectum
600 4009 770 4083 habemus.
835 4013 894 4084 Est
914 4031 1024 4089 tumen
1047 4024 1138 4091 iocus
1159 4027 1376 4118 physicorum

434 4201 438 4210 '
474 4213 490 4240 a
