2868 4988
507 261 614 379 *es

73 482 274 580 κομίσαντεςΙ
293 475 352 567 ”ll
375 475 467 559 δόξαν
494 478 610 570 ταύτην
637 485 693 551 οὐκ
719 474 843 556 e’isoiooe
863 475 961 562 idioti,
989 491 1023 554 ie
1048 493 1094 568 oie,-
1163 543 1166 557 .

74 592 130 662 τὸ’
149 591 298 680 πρότερον
326 595 383 660 'eat
412 592 447 661 τό
471 594 596 683 ὕστερον
631 597 748 684 ileyoe·
783 596 890 685 detineo
924 599 996 666 eset
1030 607 1092 680 τῶν

74 707 328 800 &propelle-idios
356 705 586 775 κατεσκεύασαν.
632 709 728 795 Quae
759 734 874 800 perse
895 714 1034 778 obscura
1056 726 1090 778 et

10 829 11 832 ’
79 821 243 900 difficilia,
272 825 391 892 collato
413 847 493 889 vero
510 822 575 888 alio
596 822 671 890 loco
692 823 855 914 (metaph.
877 825 1020 890 XIII-li.
1034 832 1091 894 M.

78 957 117 1022 p.
129 931 219 1019 271.)
240 936 340 1022 longe
359 936 562 1010 difficiliora,
583 935 684 1013 infra,
703 935 759 1000 ubi
782 937 824 1002 de
844 937 995 1003 numeris
1008 959 1087 1024 age·
1130 1013 1138 1017 ,
1158 1002 1161 1015 ,

77 1057 144 1124 tur,
160 1049 345 1168 accuratius
360 1051 529 1117 tractanda
544 1073 580 1114 es
582 1059 652 1114 unt.
675 1048 751 1113 Hoc
765 1071 847 1114 vero
863 1048 1088 1137 potissimum,¹

69 1170 110 1223 ut
131 1135 354 1249 praeripiam,
373 1161 436 1227 sibi
459 1162 545 1246 velle
561 1162 732 1237 videntur,
753 1160 845 1247 prius
861 1171 894 1225 et
907 1163 1083 1248 posterius,

69 1291 241 1379 quorum
241 1273 382 1342 alterum
408 1238 541 1340 alterins
568 1285 615 1338 est
642 1273 850 1352 conditio,
838 1295 873 1338 m
896 1273 985 1338 ideas
1011 1297 1081 1340 non

72 1348 148 1475 emti
165 1385 324 1478 admissa3
347 1389 435 1452 unde
455 1409 517 1452 nec
535 1407 753 1451 numerorum
775 1369 972 1470 vulgarium,
994 1407 1080 1471 quo-

68 1487 149 1561 ium
178 1497 235 1561 alii
263 1521 306 1562 ex
334 1500 406 1565 aliis
435 1502 617 1586 gignuntur
642 1497 786 1583 ideoque
814 1497 870 1564 alii
898 1497 971 1562 aliis
1000 1509 1078 1563 sunt

61 1601 200 1695 priores
215 1610 269 1675 vel
283 1612 501 1698 posterior-,es
521 1633 621 1676 unam
643 1610 809 1694 quandam
823 1609 933 1676 ideam
955 1609 1075 1676 laetam
1137 1693 1147 1718 .

62 1745 149 1787 esse.
192 1720 331 1812 Quae
304 1747 332 1788 si
349 1734 398 1788 est
412 1723 592 1804 sententia,
611 1723 823 1807 singulorum
842 1744 1074 1801 numerorum,
1161 1763 1170 1769 -

63 1834 104 1898 in
126 1835 240 1919 quibus
261 1859 330 1903 non
355 1847 403 1902 est
423 1835 514 1924 prius
528 1846 560 1900 et
574 1835 753 1924 posterius,
775 1835 865 1902 ideae
880 1857 950 1902 esse
964 1856 1072 1923 posse,
1144 1890 1147 1897 ff

68 1961 138 2011 non
161 1948 381 2019 excluditur.

151 2057 281 2144 Qdibus
299 2059 436 2126 remotis
455 2059 718 2148 impedimentis,
737 2085 757 2126 e
769 2081 891 2148 magno
910 2071 943 2125 et
963 2082 1069 2149 parvo

55 2151 153 2236 ideas
174 2195 332 2238 numeros
353 2171 428 2238 lieri
452 2174 725 2238 constantem
747 2197 828 2239 vero
856 2173 892 2240 in
914 2173 1008 2238 hac
998 2195 1069 2261 ipsa

55 2283 248 2362 sententia,
278 2308 319 2350 ne
347 2307 420 2349 eam
448 2307 556 2370 neque
576 2284 728 2349 latiorem
734 2259 934 2372 pandamus
959 2308 1067 2372 neque

53 2395 288 2482 angustiorem
327 2397 576 2475 contrahamus,
626 2419 714 2462 nova
756 2397 864 2462 existit
908 2399 1083 2490 quaestio,
1149 2425 1157 2442 ¹

10 2485 12 2498 ἁ
54 2535 102 2575 an
137 2510 238 2576 locus'
254 2513 337 2605 ,,ἒ“ξ
373 2512 494 2576 ἐκείνων
535 2509 591 2597 γὰρ
635 2507 713 2576 κατὰ
754 2495 879 2589 μέθεξίν
913 2513 972 2575 soil
999 2505 1066 2585 iude

54 2621 94 2688 sis
123 2623 252 2726 eide]
225 2649 302 2689 essct
335 2621 405 2699 τοὺς
432 2618 613 2710 ἆροθμοῦς“
656 2621 779 2699 deleat,
824 2645 938 2687 omnes
972 2616 1063 2688 ideas

54 2737 157 2801 lactas
201 2759 271 2800 esse
310 2759 487 2816 numeros,
529 2748 565 2802 ut
600 2737 694 2802 ideae
720 2698 816 2811 nihil
859 2736 957 2801 aliud
984 2735 1064 2816 sint,
1124 2807 1129 2812 ,
1222 2789 1224 2802 ,

56 2849 121 2912 nisi
149 2849 251 2913 meri
262 2850 413 2928 numeri,
450 2873 492 2915 an
521 2849 649 2939 potius,
677 2869 835 2928 numeros
862 2847 965 2913 factas
992 2871 1062 2915 esse

10 3003 11 3006 κ
57 2961 166 3040 ideas,
200 2962 245 3026 ita
274 2974 311 3027 ut
340 2975 373 3029 et
400 2951 493 3028 ideae
521 2979 591 3028 esse
618 2961 758 3051 possint,
788 2981 871 3045 quae
897 2983 966 3025 non
994 2959 1085 3026 sint«

56 3074 200 3140 numeri
222 3063 357 3160 Qnod
386 3078 414 3141 si
436 3076 509 3160 quis
529 3075 717 3164 simplicem
735 3083 768 3138 et
785 3073 896 3138 solum
922 3071 1060 3138 illorum

54 3175 238 3254 verborum
253 3211 387 3255 sensum
402 3167 665 3274 aequitaniam,
682 3197 717 3252 ut
732 3185 880 3273 priorem
894 3184 1069 3250 rationemv

59 3303 290 3386 amplectatur,
319 3303 448 3372 animus
476 3300 657 3366 inclinabit.
711 3298 777 3365 Sed
797 3297 826 3363 si
847 3304 947 3380 qnam
966 3295 1062 3365 idea-¹

56 3433 139 3479 rum
152 3437 154 3444 ⁸
167 3415 333 3480 notionem
355 3440 374 3480 e
392 3413 539 3481 Platonis
566 3389 703 3498 dialogis
731 3421 924 3496 conceptam
946 3407 1060 3476 animo

56 3524 224 3603 attulerit,
250 3551 268 3593 e
288 3527 414 3608 verbis,
429 3555 431 3562 ·
444 3526 561 3615 quibus
576 3525 694 3611 aliqua
718 3521 856 3608 quidem
877 3534 926 3588 est
951 3522 1060 3592 ambi-

52 3637 181 3723 guitas,
206 3639 426 3727 posteriorem
464 3637 628 3706 rationem
662 3657 782 3701 eruere
818 3635 995 3700 conabitur·
1015 3667 1059 3686 -

52 3749 172 3834 Quum
193 3751 288 3819 ideae
314 3755 386 3842 ipsa
406 3729 533 3819 unitate
554 3747 719 3814 contineri
742 3735 848 3815 dietae
869 3747 951 3825 sint,
975 3745 1058 3827 jeiu-

54 3885 137 3933 uum
159 3858 259 3930 facile
274 3865 417 3942 videtur,
437 3865 527 3951 quod
540 3863 623 3930 ideis
645 3862 806 3943 adjectum
825 3869 905 3936 erat,
930 3853 966 3922 td
983 3853 1060 3924 aare

49 3977 181 4059 μέθεξιν
196 3981 252 4042 eod
273 3975 350 4056 ἑνός.
383 3978 485 4043 Recte
500 3976 638 4043 omnino
653 3973 737 4042 illud
752 3970 789 4038 ed
808 3965 896 4056 (eoric
909 3967 1067 4062 μέθεξιν)
1165 3967 1169 3975 “
1195 3968 1196 3976 '
