2882 4986
819 377 827 400 ,,
853 331 901 399 ss
965 427 968 436 .

165 573 166 581 ¹
256 523 265 546 s
371 522 455 573 ⁴rum
475 500 645 588 fortiusque
680 498 809 590 ratione
838 511 871 571 et
897 503 1116 594 proportione
1141 502 1299 573 oernitnr
1335 506 1382 574 ei.

376 619 460 698 Plut.
488 639 559 705 rep.
583 614 628 678 ΙΙ.
649 634 682 702 p.
695 613 770 678 369.
792 614 824 680 d.
874 615 1015 684 Ariston
1042 614 1302 700 1111011114.
1336 619 1379 684 oi.

208 777 211 786 ,
340 692 459 796 'Plau
486 723 826 820 rep.V.p469·d.

460 838 583 926 Leges
603 847 909 909 commemorantur
944 849 1019 929 post
1040 839 1200 930 politium
1226 839 1387 950 scriptae,

375 950 479 1019 Arist
501 951 569 1040 pol.
586 949 630 1016 11.
644 949 677 1017 6.
695 950 771 1018 inis..
789 951 846 1032 (11.
859 948 898 1016 4.
903 937 1022 1038 Sohn.)
1051 949 1137 1020 Cum
1152 952 1226 1022 loeo
1238 933 1382 1024 Aristot.

375 1066 418 1132 ΙΙ.
435 1061 468 1133 7,
489 1060 581 1130 de'
552 1061 676 1132 civium
698 1061 906 1152 patrimoniis
927 1063 1166 1134 distribuendis
1186 1053 1381 1166 eonierend.

374 1177 457 1244 Plat
480 1178 564 1263 legg.
582 1173 628 1242 V.
678 1172 783 1242 Arist.
803 1174 898 1264 polit.
919 1175 963 1245 ΙΙ.
984 1177 1016 1242 9.
1037 1177 1080 1245 de
1100 1176 1309 1247 Cretensium
1349 1191 1382 1246 et

208 1289 214 1303 ‘
323 1329 324 1334 κ
373 1285 719 1364 Iuoedaemoniorum
744 1287 930 1379 republica,
971 1287 1015 1357 of.
1029 1289 1135 1383 legg.
1160 1289 1323 1380 1Ρ..630
1347 1292 1419 1358 d.

373 1403 447 1495 631.
468 1425 499 1469 a.
651 1469 655 1480 ,

458 1517 526 1588 lem
556 1507 716 1605 Timaeus
749 1522 925 1602 ·,superset
959 1511 1118 1604 saepius
1113 1509 1182 1588 ab.
1191 1511 1378 1588 Aristotele

372 1637 515 1701 notetus.
555 1599 953 1693 AristotelisdeTimaeo
974 1626 1065 1704 loce,
1087 1624 1262 1695 etsieliam
1282 1649 1377 1694 eem-

372 1761 440 1824 que
453 1735 644 1804 uberiorem
660 1721 919 1849 disputationem
929 1737 1113 1828 postulant,
1133 1747 1244 1805 umen
1249 1740 1377 1830 paucis

280 1935 282 1940 ,
326 1934 329 1950 ‚
372 1849 598 1918 enumeranda
620 1849 828 1918 ducimus.

458 1962 617 2029 Timaeus
636 1961 834 2028 nominatim
843 1962 1003 2048 tangitur
1022 1956 1127 2028 Arist.
1152 1960 1245 2052 phys.
1267 1962 1328 2030 IV.
1340 1967 1419 2029 2.·

369 2075 416 2143 de
436 2075 576 2140 materis
596 2083 628 2140 et
648 2074 754 2162 spatio
775 2095 844 2140 uuo
868 2074 1050 2160 eodemque
1069 2073 1195 2162 posito,
1222 2073 1274 2140 eui
1296 2075 1372 2142 loco

372 2184 562 2275 Simplicius
579 2184 725 2266 confert,
738 2187 827 2254 *Plau
847 2185 940 2254 Tim.
954 2209 987 2274 Ρ.
1002 2189 1054 2250 52.
1075 2205 1104 2252 s.
1119 2186 1150 2252 b·
1166 2186 1241 2265 edit.
1257 2187 1372 2278 Steph.

371 2299 426 2365 De
448 2295 551 2364 coeio.
574 2297 600 2363 Ι.
617 2297 668 2364 10.
691 2299 733 2364 de
756 2301 959 2389 sempiterne
982 2298 1066 2366 coeli
1087 2309 1205 2366 natura
1226 2297 1268 2366 cf.
1281 2299 1372 2366 Tim.

302 2491 304 2505 Ι
372 2434 406 2500 Ρ.
422 2409 477 2476 31.
496 2409 528 2474 1.
556 2409 599 2476 de
628 2411 722 2477 coelo
747 2411 791 2478 11.
814 2411 867 2480 13.
887 2411 929 2478 de
949 2410 1067 2482 tellure
1093 2410 1233 2479 immoto
1260 2422 1293 2479 et
1318 2412 1374 2478 exi

371 2522 542 2588 mundano
579 2522 734 2588 adstricta
763 2534 797 2591 et
825 2523 913 2590 ciros
944 2543 1021 2599 eum
1055 2521 1150 2610 quasi
1186 2520 1373 2606 convolute,

372 2634 415 2702 of.
444 2633 603 2700 Timaeus
632 2655 668 2722 p.
680 2633 734 2702 40.
762 2633 846 2722 b.¹)
888 2633 921 2700 d.
950 2635 1044 2722 coelo
1076 2635 1136 2702 ΠΙ.
1157 2632 1186 2700 1.
1222 2634 1263 2700 de
1297 2657 1373 2701 cor·

356 2767 495 2836 porum
522 2745 683 2830 gravitate
716 2745 759 2814 cf.
775 2746 880 2814 'Tim
896 2769 941 2836 p.
954 2745 1007 2812 56.
1028 2769 1057 2817 e·
1087 2746 1119 2812 d.
1139 2744 1239 2846 vcoelo
1262 2747 1323 2814 111.
1342 2749 1374 2812 2.

115 2941 117 2948 Ι
227 2853 230 2866 '
323 2911 326 2917 .
372 2859 416 2926 de
443 2856 614 2942 elementis
641 2871 716 2928 ante
735 2860 909 2926 mundum
941 2858 1111 2924 conditum
1142 2851 1299 2924 confusis.
1332 2858 1374 2924 cf.

371 2972 464 3041 Tim.
499 2993 532 3058 Ρ.
543 2969 598 3038 30.
630 2993 659 3036 s.
680 2973 711 3038 d.
741 2973 834 3038 coelo
866 2944 981 3038 lit-(8.
1023 2971 1065 3037 de
1097 2969 1261 3037 substrata
1296 2971 1375 3036 Pla·
1418 2981 1419 2986 ’

372 3085 461 3150 tonis
492 3085 642 3149 materie.
685 3082 728 3152 ci.
756 3085 846 3151 Tim.
873 3105 909 3172 p.
927 3081 979 3147 51.
1009 3081 1042 3148 1.
1081 3083 1112 3149 d.
1134 3083 1226 3148 coelo
1260 3079 1326 3150 IV.
1340 3085 1372 3148 2.
1418 3089 1419 3164 Ι

371 3196 415 3263 de
443 3194 613 3280 gravitatis
640 3205 675 3262 et
701 3197 858 3286 ponderis
888 3217 994 3263 ceusu.
1029 3189 1073 3261 of.
1097 3192 1188 3260 Tim.
1216 3216 1248 3284 p.
1262 3195 1316 3264 562
1345 3219 1374 3262 a.

370 3307 425 3373 De
448 3327 561 3392 gener.
591 3304 630 3373 ot
651 3320 810 3398 corrupt..
844 3311 870 3374 I.
893 3309 924 3372 2
961 3307 1002 3374 de
1029 3305 1156 3394 plenis,
1184 3305 1221 3372 in
1248 3289 1374 3394 quaes
1418 3297 1419 3356 1

327 3502 329 3510 y
370 3419 509 3484 Platone
529 3405 672 3508 corpore
690 3421 869 3488 solventur.
890 3418 932 3484 ο1.
949 3405 1041 3488 Tim.
1055 3439 1090 3506 Ρ.
1104 3417 1157 3482 56.
1178 3440 1209 3484 α.
1244 3419 1375 3514 Eodem

372 3531 479 3620 eapite
503 3529 590 3596 mim
619 3553 698 3599 sune
726 3533 827 3598 modo
846 3531 941 3600 Pluto
969 3530 1011 3596 de
1034 3530 1158 3608 caruis,
1189 3531 1314 3598 ossium
1341 3543 1375 3598 et

372 3642 491 3709 talium
510 3651 588 3708 orto
616 3643 717 3732 egisse
738 3654 907 3732 negatur.
924 3641 968 3708 de
996 3642 1115 3731 quihus
1135 3642 1235 3710 rebus
1255 3643 1292 3712 in
1314 3665 1375 3711 ex·

402 3933 428 4002 1)
445 3931 488 3989 Cf.
504 3927 538 3985 de
555 3924 611 3985 hoo
627 3941 656 3986 et
671 3927 800 3988 matonis
813 3923 1002 3988 etAnstotstts
1020 3923 1084 3986 ltroo
1098 3931 1215 3988 Boeokh
1232 3927 1266 3989 de
1277 3929 1374 3992 Plato·
1418 3925 1419 3938 ¹

446 4022 490 4076 nis
506 4027 653 4086 systemate
670 4019 829 4076 eoelestium
847 4016 1003 4090 globorum.
1019 4031 1047 4088 p.
1059 4019 1125 4096 m
