2868 4988
566 320 655 428 ⁸⁷,

68 503 327 586 veniatt'l'im.
348 498 441 591 p.3l.
457 519 485 562 a.
505 495 603 575 ete),
623 515 739 558 rerum
762 503 857 582 putes
872 494 1093 564 universitatis
1196 562 1199 568 ,

9 697 13 704 .
71 620 178 710 quasi
204 615 388 704 exemplar.
440 613 490 677 Ita
519 591 880 714 veteres'interpret'es¹
895 606 962 694 (τὸν
983 609 1096 700 rosade
1140 669 1143 680 ,

72 727 245 815 διάκοςμον
263 725 439 817 simplic).
491 721 581 796 Aut,
603 720 633 785 si
653 721 730 792 ζῶον
753 721 936 786 accuratius
956 719 1093 810 spectes,

74 841 260 913 animantis
283 863 353 906 esse
379 838 506 910 ideam,
542 854 680 918 eamque
711 854 753 898 ex
773 856 860 913 uuo,
896 845 934 899 ut
960 837 1093 910 intelle-

79 971 192 1038 ctum,
214 980 233 1022 e
238 954 376 1044 dyada,
396 963 435 1016 ut
453 947 724 1034 longitudinem,
737 947 907 1034 etryade,
928 958 966 1013 ut
987 949 1096 1044 plana,
1198 940 1202 944 ’

82 1097 103 1140 e
122 1069 270 1147 tetrade,
297 1080 334 1132 ut
355 1086 498 1154 corpora
521 1060 694 1151 percipere
716 1059 835 1148 possit,
867 1083 937 1125 esse
959 1083 1098 1150 compo·
1195 1095 1196 1099 =

76 1187 194 1253 sitam.
238 1181 354 1248 Hoe'
328 1205 357 1245 st
370 1165 614 1268 acciperetur
593 1175 751 1251 alterum,
769 1197 825 1253 ea,
846 1195 930 1258 qnae
951 1197 1099 1260 sequun-

80 1311 141 1366 tur
165 1297 225 1382 (ἔτι
245 1294 279 1360 δὲ
300 1319 352 1360 cos
341 1289 470 1366 ἄλλως
483 1290 575 1374 etc),
597 1299 632 1353 et
652 1285 797 1368 sejuncta
819 1296 925 1350 essent
952 1300 984 1350 et
1005 1310 1099 1353 mera

84 1412 160 1480 fere
182 1409 348 1498 repetitio.
369 1444 408 1456 -
431 1407 504 1472 Nos
524 1407 651 1488 itaque,
675 1398 850 1486 posteriori
866 1401 1027 1486 sententia
1042 1425 1099 1466 re-

86 1525 180 1601 licta,
203 1522 381 1588 Brundisio
403 1518 488 1598 duce
510 1515 660 1604 priorem
683 1513 898 1598 agnoscimus.
941 1513 1005 1616 ldis
1034 1538 1099 1579 nu-

85 1638 207 1720 meris,
228 1636 289 1722 qui
309 1657 425 1701 rerum
441 1629 692 1697 universitatem
709 1626 783 1692 idea
804 1625 984 1706 continent,
1006 1651 1099 1696 conr·
1194 1618 1196 1622 ¹
1236 1687 1239 1694 ,

86 1765 262 1845 ponuntur
295 1748 415 1826 iidem,
445 1742 568 1832 quain
590 1751 700 1806 mente
721 1749 798 1802 sunt
818 1739 853 1804 vi
874 1752 907 1804 et
929 1752 1099 1828 potestate,

90 1879 140 1945 ut,
160 1863 327 1952 quomodo
343 1859 431 1925 illius
453 1872 568 1923 rerum
591 1851 753 1918 universit
741 1852 814 1917 tatis
834 1847 1003 1940 perceptio
1022 1853 1100 1920 lieri

92 1981 208 2070 possit,
236 1973 450 2063 significetur.
517 1971 603 2044 Νους
630 1966 667 2031 in
696 1965 822 2030 unitate
850 1965 911 2030 sibi
938 1968 1102 2033 constanti
1176 1993 1180 2010 ⁴

88 2093 217 2184 positus
236 2100 303 2167 est3
325 2078 480 2169 ἐπιστήμη
497 2082 620 2170 quippe
641 2101 725 2166 quae
744 2089 832 2144 corta
851 2089 884 2144 et
902 2101 996 2158 vera,
1019 2080 1100 2146 sicut

88 2219 182 2274 recta
209 2202 310 2278 linia,
342 2221 448 2265 uuum
471 2209 602 2262 tantum
631 2191 772 2280 expetit,
800 2213 863 2256 nec
888 2179 1101 2260 dextrorsum

88 2340 155 2386 uec
170 2315 395 2396 sinistrorsum
417 2307 623 2397 exspatians;
648 2306 731 2372 dnm
746 2327 827 2369 vero
843 2307 983 2395 expetit,
1004 2320 1101 2374 motu
1156 2349 1160 2356 ·

89 2438 285 2521 opus‘est,
313 2425 370 2513 qui
401 2421 535 2509 quidem
568 2419 681 2490 lineae
716 2417 862 2515 imagine
896 2423 1100 2512 proponitur

51 2563 56 2578 ·
90 2547 249 2636 (μοναχῶς
264 2536 320 2629 y'dp
342 2534 489 2621 ἐφ’-ἕνη
525 2527 599 2625 δόξῃ
620 2528 750 2622 saepius,
769 2530 810 2595 ab
831 2531 929 2598 unica
953 2534 1025 2600 veri
1047 2536 1101 2602 via

91 2671 126 2728 et
149 2638 244 2744 quasi
264 2664 354 2720 reeta
383 2651 471 2717 tinea
493 2646 660 2712 aberranti
689 2644 783 2735 plani
809 2637 969 2712 numerus
992 2649 1101 2716 tribu·
1207 2630 1212 2642 ¹

47 2826 49 2834 ,
92 2788 163 2852 tus,
184 2771 270 2834 sicut
287 2759 436 2849 αἰσθήσει
452 2783 568 2828 omues
583 2758 682 2848 spatii
702 2757 922 2848 dimensiones
938 2784 1101 2849 perscru.

95 2885 178 2950 tanti
193 2875 424 2969 quaternarius
440 2894 613 2952 numerus.
655 2872 721 2946 Ita,
744 2883 780 2940 ut
800 2874 991 2957 redeamus,
1010 2881 1103 2947 unde
1187 2855 1189 2858 Ι

97 2996 252 3088 profecta.
273 3003 323 3058 est
348 2990 471 3071 oratio,
505 2984 625 3051 similia
658 2984 820 3051 similibus
851 3008 1104 3077 cognoscunturs

183 3108 311 3185 Restat,
333 3116 385 3180 ut,
409 3122 491 3189 quae
512 3091 599 3194 inter
620 3096 680 3164 has
702 3098 782 3166 duas
802 3103 912 3188 partes
935 3103 1103 3190 interjecta

93 3225 198 3298 sunt,
214 3216 253 3286 τὰ
274 3219 304 3286 d?
330 3213 409 3281 ἄλλα
429 3204 635 3298 ὁμοιοτρόπως
653 3211 861 3297 attingamus.
914 3215 1010 3300 Quae
1028 3219 1104 3286 fue.

99 3336 171 3405 rint
198 3333 280 3402 haee
300 3329 443 3414 reliqua,
466 3319 534 3388 uon
557 3321 755 3400 delinimus,
783 3325 955 3396 universes
977 3342 1105 3400 tantum
1184 3296 1211 3340 ι’

99 3449 201 3523 ideas,
212 3467 253 3512 ue
263 3443 341 3530 quid
350 3437 482 3505 Platoni
496 3435 702 3510 obtrudatur,
716 3435 941 3525 intelligentes.
963 3441 1106 3514 Veteres

99 3562 301 3648 interpretes
321 3550 511 3642 Simplicius
533 3560 566 3618 et
593 3546 667 3614 Joh.
689 3547 894 3640 Philoponus
923 3551 1009 3638 τὰδ’
1028 3557 1107 3626 ttta
1205 3534 1210 3544 ‚
1245 3549 1247 3556 '

28 3757 32 3764 1
101 3675 146 3740 ad
166 3673 295 3758 reliqua
308 3655 396 3742 tria,
418 3672 803 3753 quaeponnnt„rerum
821 3686 943 3751 genera
960 3670 1107 3738 trahunt.
1194 3676 1198 3685 “

101 3785 141 3852 τὰ
163 3780 328 3869 inassueti,
350 3776 387 3844 τὰ
407 3768 554 3854 dodonaei,
580 3769 618 3839 τὰ
639 3773 777 3860 αἰσθητά
784 3821 794 3854 ,
817 3793 997 3864 quaesunt
1018 3770 1109 3849 Sim·

34 3973 40 3979 ,
103 3898 197 3986 plicii
218 3897 321 3963 verba
342 3890 416 3979 (fol.
432 3889 465 3957 7.
483 3893 547 3984 a),
567 3886 639 3954 sive
660 3882 702 3954 ad
728 3885 766 3953 τὰ
786 3886 897 3975 νοητά,
926 3891 963 3959 τὰ
985 3891 1108 3978 φυσικά,

105 4009 144 4079 τὰ
165 3992 324 4096 atodnid,
362 4001 644 4093 quemadmodum
681 3999 766 4071 dixit
797 4002 871 4072 Joh.
904 4005 1110 4100 Philopouus
