2868 4988
840 353 885 422 86

441 529 480 598 ln
500 529 575 596 loco
593 541 708 595 nostro
723 537 887 616 presso-et
905 523 980 592 fere
999 534 1152 592 contorto
1166 536 1246 592 anta
1263 529 1402 595 omnia

361 641 540 710 tenendum
562 655 627 722 ast,
657 664 724 729 quo
747 639 944 708 Aristoteles
975 661 1091 704 omnes
1112 638 1172 703 has
1193 645 1400 708 sententias

361 770 518 843 tanquam
544 757 707 823 continuo.
731 753 794 820 fito
826 751 1082 841 complectatur3
1117 752 1208 837 quod
1239 754 1403 840 quidem

363 880 413 938 est
429 868 536 946 illud,
556 867 679 939 similia
702 865 865 957 similibus
880 849 1046 951 cognosci.
1091 861 1188 948 Q'uae
1203 870 1403 952 sententia,

249 1033 253 1050 Ι
365 981 477 1070 gravis
498 981 555 1064 illa
580 994 612 1047 et
632 1005 694 1072 per
715 982 829 1074 plures
852 979 980 1044 scholas
1002 990 1200 1068 propagata,
1234 981 1268 1045 si
1294 986 1399 1072 apud

364 1094 603 1185 Empedoclem
632 1094 710 1160 rudi
739 1091 811 1159 fere
835 1104 867 1157 et
894 1091 1083 1157 indistincto
1114 1090 1318 1179 primordio
1357 1097 1398 1162 ad

246 1251 251 1264 ι
365 1209 485 1275 duram
508 1207 667 1290 materiae
694 1199 941 1272 elementorum*
962 1215 1116 1269 naturam
1143 1204 1311 1272 adstricta
1337 1223 1399 1290 est,

366 1322 460 1388 nullo
490 1331 578 1387 certo
606 1322 680 1387 loco
711 1321 752 1385 ad
775 1320 957 1385 acutiorem
979 1317 1195 1383 subtilitatem
1216 1319 1396 1404 traducta,

365 1455 465 1522 quam
489 1433 554 1499 boc
575 1445 691 1499 nostro
714 1432 874 1500 Platonis.
926 1429 996 1496 Etsi
1019 1429 1184 1512 ejusmodi
1204 1431 1394 1513 rationem,

328 1531 332 1546 .
364 1546 486 1613 similia
511 1547 676 1612 similibus
699 1545 869 1632 cognosci,
897 1545 933 1611 in
958 1567 996 1608 aa
1017 1543 1149 1610 Timaei
1175 1556 1295 1630 parte,
1337 1549 1393 1612 ubi

365 1657 498 1727 animus
519 1659 683 1746 gignitur,
703 1659 922 1747 significatam
945 1681 1013 1722 non
1036 1657 1246 1723 invenimus:
1271 1671 1389 1726 tamen

367 1793 405 1838 ea
428 1793 537 1859 neque
560 1795 579 1838 a
600 1762 822 1847 locinatura,
851 1795 959 1859 neque
986 1769 1026 1836 ab
1054 1763 1212 1868 uniyerso
1235 1771 1389 1840 Timaeo

310 1954 313 1960 ,
366 1884 531 1972 aliena¹).
566 1885 637 1952 Ubi
653 1887 695 1952 de
711 1886 846 1953 videndi
862 1909 957 1950 causa
972 1895 1004 1949 et
1020 1884 1108 1950 oculi
1125 1896 1241 1950 natura
1257 1888 1389 1973 agitur,
1421 1885 1422 1902 ¹

366 1997 528 2064 sententia
549 1999 630 2088 ipsis
652 1980 762 2066 uerbis
782 1998 904 2084 legitur
924 1995 1032 2075 (Tim.
1050 1995 1146 2084 p.'45.
1167 2019 1194 2062 c.
1210 1997 1280 2081 St).
1329 1999 1390 2067 Ac

336 2188 340 2196 .
366 2133 411 2176 ne
433 2110 505 2196 quis
527 2134 567 2176 eo
589 2111 754 2190 offensus,
775 2109 864 2196 quod
884 2110 978 2176 Plato
1001 2109 1151 2176 animum
1168 2132 1207 2175 ex
1225 2109 1391 2178 elemen-

366 2223 406 2287 tis
426 2222 587 2321 genuisse¹
603 2224 742 2303 dicitur,
768 2203 989 2292 Aristotelem
1011 2222 1159 2288 Platonis
1181 2223 1386 2292 senteutiam

366 2335 541 2403 detorsisse
569 2336 771 2425 suspicetur,
800 2348 836 2403 ut
857 2334 1023 2402 Patricius
1050 2334 1114 2400 hoc
1142 2357 1273 2423 quoque
1301 2337 1382 2405 loco
1421 2345 1422 2435 l

268 2501 272 2518 .
364 2449 526 2538 (putu),
549 2451 755 2528 meminerit,
777 2446 815 2516 coi
836 2459 970 2537 στοιχεῖα
990 2448 1032 2513 ab
1044 2439 1227 2515 Aristotele
1246 2451 1381 2539 saepius

365 2563 536 2633 amatoria
558 2564 600 2631 ad
624 2563 780 2650 cogitatas
810 2562 935 2628 formas
963 2574 996 2628 et
1021 2562 1173 2628 notiones
1202 2562 1379 2631 transferri

365 2675 421 2757 (cf.
437 2699 539 2764 supra
556 2700 589 2766 p.
602 2675 652 2741 18.
675 2675 820 2766 metaph.
836 2676 863 2740 Ι.
878 2674 924 2761 6.)
943 2709 984 2724 -
1012 2675 1062 2740 Ita
1078 2687 1108 2739 et
1120 2676 1235 2757 Plato,
1257 2699 1377 2763 quem-

365 2789 545 2858 admodum
578 2792 750 2878 pergitur,
785 2799 823 2853 ut
850 2786 974 2853 similia
1002 2787 1165 2854 similibus
1197 2811 1373 2875 cognosce·
1418 2817 1421 2878 4

364 2913 484 2968 rentur
499 2900 549 2988 ²),
579 2925 736 2972 numeros
772 2901 907 2977 eusdem
936 2897 1090 2980 αὖτοζιιῖου
1117 2899 1211 2984 fecit,
1239 2905 1373 2970 eosdem

363 3014 468 3080 menti
489 3015 619 3085 indidit.
664 3015 719 3079 Sic
739 3025 881 3117 utrapue
901 3013 967 3082 loci
989 3011 1270 3114 pars-arctissime
1289 2999 1372 3081 σοὶ]-

260 3164 266 3171 ·
316 3167 321 3179 =
362 3125 546 3214 jungenda,
568 3150 675 3216 neque
694 3113 798 3192 altera
813 3126 853 3192 ab
873 3126 976 3192 altera
994 3126 1199 3207 divellenda,
1220 3127 1310 3216 quasi
1326 3130 1368 3192 ab
1420 3193 1421 3206 ,

363 3240 422 3312 illo
444 3238 538 3306 ἔτιδὲ
558 3241 613 3316 καὶ,
628 3237 725 3315 ἄλλως
746 3239 826 3310 nori
847 3238 926 3325 quid
945 3237 1132 3342 incipiatur.
1177 3238 1365 3324 Quaeritur,

362 3352 441 3442 quid
464 3351 507 3417 sit
527 3349 603 3417 αὐτὸ
625 3349 765 3432 τὸιζῶον.
809 3350 947 3439 Duplex
962 3362 1051 3416 certe
1071 3352 1157 3416 ratio
1178 3375 1248 3418 sese
1261 3350 1368 3418 offert.

222 3519 225 3530 ,
361 3465 434 3532 Aut
456 3465 484 3534 si
501 3464 563 3535 tibi
577 3463 710 3538 Timaei
730 3463 893 3560 mupdum
917 3465 991 3549 ζῶον
1013 3463 1150 3534 dicentis
1168 3464 1204 3534 iu
1224 3476 1366 3548 mentem
1420 3469 1421 3480 ¹

358 3630 575 3654 ‘m
694 3633 698 3643 ι

377 3736 413 3800 ’1)
430 3736 489 3787 Nec
504 3741 588 3818 plane
604 3737 744 3797 ‹tusumlts
759 3734 903 3792 Platonica
919 3728 1079 3804 ἆνᾶμνησις.
1096 3737 1132 3792 cf.
1151 3753 1235 3806 supra
1249 3733 1329 3812 pto.

384 3872 415 3940 2)
433 3869 597 3928 Aristoteles
622 3867 696 3927 hauc
720 3875 884 3927 seutentiam
909 3867 1009 3926 refutat
1034 3872 1060 3927 d.
1084 3877 1167 3929 uum.
1191 3875 1214 3929 1.
1231 3872 1255 3927 5.
1307 3875 1362 3943 Ipsi

267 3985 291 4042 s,
426 3967 519 4016 suem
535 3957 650 4013 candem
673 3956 878 4027 quodammodo
901 3957 990 4012 redire
1013 3957 1138 4014 dicacis
1161 3961 1295 4029 praeclaro
1314 3962 1363 4013 illo

161 4033 163 4040 '
209 4065 239 4092 ·.
339 4082 352 4131 ζ,
428 4039 1084 4124 ,ampsanctinae(nenpb0X11·9·A»
1100 4045 1198 4115 P·2⁵⁵·
1215 4044 1330 4110 ΒΓΜ)
