2882 4986
549 415 590 481 3d

63 594 162 659 abest
186 586 409 677 praedicatum
437 579 598 690 ὄμῶνυμιι,
635 589 744 675 prima
773 601 806 656 et
833 594 1002 682 proxima,
1038 610 1076 664 ut

65 705 151 769 εἶναι
173 700 300 766 nonsit
325 700 462 787 copula,
488 699 546 764 sed
569 701 708 768 verbum
730 703 986 785 substantivum,
1015 712 1076 776 ad·

67 795 414 900 modum'probabilis¹
433 834 503 876 esse
520 821 553 876 et
573 833 649 876 cum
668 813 825 880 universo
839 821 1078 889 sententiarum

70 951 162 993 nexu
184 926 375 1013 conspirare
397 923 560 993 videatur.
611 923 752 997 Omnia,
776 948 861 1012 quae
880 931 943 996 eub
963 955 1078 1004 sensus
1174 935 1179 946 ⁸

71 1039 205 1114 cadant,
228 1035 484 1117 fluctuare,!nec
506 1027 624 1126 perse
645 1060 682 1103 re
697 1061 776 1104 vera
792 1061 878 1120 ess03
900 1043 982 1110 dum
995 1068 1078 1112 vero

67 1152 106 1218 in
132 1151 284 1216 idearum
308 1161 436 1237 partem
458 1161 637 1224 vorentur,
668 1172 737 1214 esse
758 1150 879 1218 harum
901 1157 1079 1231 consortio,

66 1265 162 1330 unde
182 1261 274 1342 fieri,
295 1274 330 1326 ut
350 1262 448 1326 etiam
471 1262 511 1326 ab
534 1263 576 1326 iis
591 1262 801 1348 appellentur
823 1264 880 1331 illa
901 1270 1005 1333 multa
1029 1267 1080 1355 (ris

70 1370 240 1460 αἰσθητά).
282 1375 326 1438 lta
344 1373 479 1459 quidem
499 1357 568 1438 esie
590 1384 620 1437 et
635 1375 812 1462 appellari,
827 1376 932 1444 fluere
948 1390 981 1445 et
996 1403 1080 1447 con·

73 1498 179 1564 atara,
206 1487 267 1550 sibi
287 1486 374 1550 inter
396 1509 430 1549 se
455 1487 704 1574 responderent·
757 1486 854 1574 Quae
875 1491 1079 1572 concinnitas

73 1599 316 1666 commendatio
338 1597 500 1684 quaedam
523 1595 620 1686 iacile
643 1597 825 1667 videretur.
878 1603 928 1670 At
947 1629 1029 1672 varo
1051 1605 1079 1672 si

70 1713 153 1777 haee
167 1710 268 1775 velles
292 1711 508 1800 depromere,
529 1709 615 1784 εἶναι,
638 1721 674 1774 ut
689 1712 985 1798 rocasignaretur,¹
1004 1743 1081 1785 om·

70 1825 170 1889 nibus
183 1825 408 1911 praepositum
423 1827 578 1911 cuperasl
584 1822 659 1887 εἶναι
675 1818 730 1908 γὰρ
743 1821 820 1890 κατὰ
829 1829 967 1909 μέθεξιν,
982 1842 1081 1918 atque

72 1939 213 2001 obscura
240 1937 402 2022 quaedam
431 1946 464 2000 et
489 1945 639 2000 contorta
661 1934 798 2021 genitivi
819 1940 881 2004 τῶν
900 1936 1082 2024 σννωνῦμιιν

11 2049 15 2058 ’
70 2061 158 2116 esset
176 2048 365 2137 explicatio.
409 2046 536 2132 Quidni
558 2049 647 2114 enim
669 2046 850 2134 συνώνυμαῖ
871 2083 912 2104 ·-
940 2053 1082 2121 Accedit

74 2164 219 2246 denique
238 2173 371 2250 praeter
392 2182 447 2239 aa,
478 2181 562 2245 quae
589 2161 631 2226 de
658 2171 780 2227 statuto
810 2164 989 2230 verborum
1020 2189 1083 2234 usu
1139 2155 1142 2164 ¹

77 2275 241 2350 diximus,
270 2274 356 2359 quod
387 2273 891 2362 Alexander*Aphrodisiensim
919 2289 1080 2364 quantum

79 2386 217 2472 quidem
245 2409 263 2450 a
288 2387 384 2452 latina
412 2385 618 2472 Sepulvedaa
659 2385 871 2452 translatione
891 2394 1083 2478 -perapicio,

76 2498 170 2568 illius
193 2499 338 2584 vulgatae
367 2497 516 2566 lectionis
546 2495 727 2584 (ὁμώνυμα)
749 2495 840 2563 testis
864 2512 911 2565 est
931 2501 1084 2592 locuple·

75 2611 219 2678 tissimus
242 2611 378 2695 (tot10.
402 2635 434 2675 n.
453 2610 529 2694 39.).

133 2801 141 2809 ,
158 2724 233 2789 Jam
242 2724 438 2790 Aristoteles
451 2723 578 2806 μέθεξιν
592 2731 706 2822 tenens
721 2724 832 2794 addit:
852 2725 888 2792 in
899 2724 1086 2793 hocPlato·

74 2859 153 2902 nem
163 2834 438 2920 verbumtantum
448 2847 600 2910 mutasse,
609 2834 1085 2921 Pythagoreosenimstatuere

79 2972 133 3012 res
145 2971 214 3012 esse
228 2965 388 3014 numeros
401 2947 574 3024 imitando,
591 2947 760 3012 Platonem
770 2923 1086 3040 'ideas'participan-

82 3049 139 3127 do.
162 3063 209 3124 lta
225 3059 418 3134 Brandisius
432 3056 564 3141 μιμήσει,
587 3061 722 3138 μεθέξει,
745 3059 941 3126 Alexandro
955 3083 1087 3150 quoque

77 3184 226 3247 auctore,
241 3175 330 3258 quod
345 3172 448 3258 magia
461 3171 634 3236 definitum
648 3181 680 3234 et
690 3171 903 3270 perspicuum
916 3185 1086 3260 est,'quam

78 3287 168 3372 quod
193 3287 396 3351 scribebatur
416 3289 541 3370 μίμησιν
561 3287 593 3350 et
613 3284 750 3366 μέθεξιν.
801 3283 1030 3369 Quamquam,
1057 3285 1088 3350 si

83 3397 234 3463 conferas
246 3380 346 3476 illud,
367 3397 454 3484 quod
469 3396 568 3484 paulo
582 3392 671 3459 infra
684 3394 823 3474 dicitur,
846 3398 875 3460 ol
889 3393 918 3460 δ’
934 3373 1089 3487 ἇριθμούς

82 3509 165 3576 air-ul
184 3533 273 3591 φασιν
292 3508 370 3578 αὐτὰ
390 3506 429 3575 τὰ
446 3503 621 3594 πράγματα,
640 3505 846 3593 ¹praetuleris
876 3505 1017 3604 fortasse
1036 3514 1090 3592 με’-

48 3673 55 3698 ,
78 3645 179 3708 μησιν
200 3619 264 3708 (res
282 3647 350 3690 non
365 3623 474 3687 solum
488 3643 557 3686 essa
576 3617 776 3698 imitatione,
796 3617 882 3682 sed
870 3619 1090 3688 imitationem

78 3733 226 3825 ipsam):
255 3748 362 3802 tamen
390 3731 592 3799 accusativae
619 3731 749 3812 μέθεξιν
774 3730 913 3796 omnino
940 3754 1009 3798 non
1033 3755 1091 3798 re-

84 3850 264 3936 sponderet
283 3847 473 3914 Platonicae
493 3842 673 3910 sententiae
696 3865 804 3929 neque
833 3843 896 3908 ha'e
914 3842 1092 3910 substanti·

85 3984 208 4029 vorum
228 3961 358 4027 formae
379 3959 505 4025 activae
522 3958 587 4023 hoc
601 3978 683 4021 casu
697 3966 792 4044 aptae
807 3966 922 4021 essent
939 3989 981 4005 -
994 3956 1094 4020 Hanc
1152 3963 1153 3968 ’

82 4076 241 4202 μεθέξεως
268 4095 386 4154 vocem
406 4071 441 4138 in
462 4071 524 4138 hac
543 4095 581 4146 ra
608 4070 694 4158 apud
720 4067 891 4133 Platonem
916 4066 1093 4158 proprium

666 4181 688 4246 3
697 4182 714 4221 *
