2868 4988
826 342 869 406 92

340 513 504 592 videatur.
568 511 632 576 Sed
662 512 690 576 si
719 512 845 590 ideae,
867 511 896 578 si
922 513 1031 599 ipsum
1061 511 1204 587 bonum,
1242 511 1367 598 ipsum

339 627 519 716 pulchrum
542 627 584 692 ad
607 648 766 692 numeros
789 604 971 712 ets'angues
1002 635 1034 690 et
1055 625 1168 690 aridos
1192 625 1369 710 redigun-

339 754 395 807 tur
419 753 451 806 et
472 741 524 806 his
545 740 672 820 inclusa
702 751 874 817 tenentur,
905 738 980 816 itta,
1015 761 1115 825 quam
1147 739 1184 803 in
1214 718 1369 828 Piatone

339 877 508 932 amamus,
533 837 762 942 pulchritudo,
783 853 911 933 omnis,
932 873 997 939 qua
1012 846 1073 916 nos
1094 870 1215 938 capere
1235 853 1369 933 solent,
1415 877 1417 1002 q

338 969 490 1034 idearum
511 979 665 1044 uenustas
687 967 826 1056 expulsa
854 967 1027 1033 evanescit.
1094 951 1139 1029 si'
1152 966 1266 1040 omnia
1290 989 1367 1029 nu·

337 1065 500 1146 meiaudo
536 1073 774 1164 subjiciuntur,
814 1080 979 1146 intuendo
1017 1059 1365 1163 nihil⁶relinquitun
1416 1075 1417 1078 ’

337 1179 415 1260 Hoc
443 1194 572 1283 ipsum,
611 1193 700 1280 quod
738 1195 831 1259 Plato
873 1193 1112 1260 auctionibus
1155 1191 1366 1258 definiendis
1416 1197 1417 1200 ’

338 1309 507 1374 dialectica
531 1308 661 1373 ratione
691 1308 731 1373 ad
761 1309 852 1373 ideas
880 1308 1050 1394 pervenit,
1087 1305 1165 1370 satis
1184 1306 1365 1400 impedire

336 1422 462 1510 potuit,
484 1422 676 1506 quominus,
695 1421 787 1490 omni
807 1421 952 1486 notionis
972 1421 1121 1484 ubertate
1143 1418 1262 1496 deleta,
1288 1441 1362 1482 nu·
1416 1451 1417 1460 ¹

337 1538 397 1601 dos
418 1531 542 1600 faceret
563 1556 730 1600 numeros.
779 1533 894 1610 Adde,
916 1534 1006 1618 quod
1026 1520 1132 1597 multa
1152 1544 1359 1616 argumenta

148 1718 152 1726 ,
230 1649 251 1706 ζ
336 1653 377 1714 ab
393 1649 577 1714 Aristotele
598 1625 728 1740 prolata
752 1647 805 1732 (cf.
823 1646 969 1734 metaph.
983 1645 1059 1710 VII.
1078 1645 1128 1708 16.
1143 1652 1177 1709 Z.
1200 1668 1234 1732 p.
1245 1639 1356 1728 152),

285 1747 288 1756 λ
331 1762 500 1849 siquidem
514 1745 714 1827 ideae'nihil
730 1773 852 1840 essent,
875 1761 939 1825 nisi
962 1758 1115 1840 numeri,
1137 1781 1211 1823 rem
1235 1760 1354 1824 miuus
1416 1773 1417 1816 t

335 1889 517 1962 tangerent.
566 1875 721 1961 Denique
743 1875 771 1942 si
792 1875 916 1940 horum
938 1865 1353 1970 nurherorumkexempla,
1416 1865 1417 1885 ¹

335 1988 451 2086 qualia*
468 1991 585 2059 relicta
600 1991 769 2064 videmus,
782 1987 980 2082 ¹diligentius
995 2009 1184 2064 versamus,
1205 1987 1261 2050 vix
1281 2011 1352 2052 no·
1416 2013 1417 2016 ¹

334 2103 384 2168 bis
415 2104 690 2190 persuadebitur,
725 2102 898 2165 Platonem
932 2101 983 2166 his
1019 2095 1169 2165 numeris
1200 2099 1346 2184 singulas

333 2211 441 2293 ideas,
472 2217 556 2282 sicut
583 2215 691 2302 dyada
717 2215 907 2290 scientiam,
936 2213 1064 2278 tetrade
1084 2233 1233 2287 sensum,
1260 2235 1345 2276 vere

332 2329 507 2395 exhaustas
523 2340 663 2418 putasse.
707 2328 772 2393 Sed
794 2328 903 2417 potius
920 2349 1023 2413 quum
1039 2325 1164 2392 horum
1179 2324 1348 2412 quandam

268 2425 272 2434 ¹
330 2444 584 2511 similitudinem
601 2443 793 2530 reperisset,
805 2433 902 2507 “hanc
916 2454 951 2507 ut
965 2439 1181 2504 necessariam
1198 2462 1259 2504 uec
1274 2437 1349 2504 ior·
1416 2519 1417 2522 Ἴ

330 2557 448 2622 tritam
472 2555 614 2621 tenuisse
635 2555 786 2632 videtur,
809 2579 878 2620 uon
900 2566 1055 2639 tam'quo
1077 2575 1133 2617 eos
1157 2551 1290 2640 penitus
1313 2554 1348 2618 in
1416 2539 1417 2556 i

329 2669 482 2736 idearum
513 2670 626 2734 locum
654 2651 885 2747 substitueret,
923 2673 1021 2753 quam
1042 2664 1137 2731 utin
1159 2689 1279 2734 eorum
1303 2667 1349 2731 si-

330 2782 519 2848 militudine
540 2782 699 2868 cogitatae
719 2781 870 2846 idearum
896 2779 1027 2846 formae
1051 2788 1083 2844 et
1101 2774 1222 2868 speciei
1242 2779 1349 2867 signi-

330 2895 439 2961 ficatio
460 2895 623 2980 quaedam
646 2887 901 2982 proponeretur.

414 3006 538 3095 Magno
552 3007 585 3072 et
603 3029 725 3094 parvo,
747 3030 810 3093 qua
828 3009 976 3095 cepimus
990 3007 1025 3074 vi
1044 3017 1077 3072 et
1092 3007 1243 3082 notione,
1270 3029 1346 3072 rem

330 3123 496 3210 quandam
520 3119 687 3184 consecuti
711 3121 806 3185 nohis
827 3121 1002 3196 videmur,
1025 3142 1127 3208 quam
1148 3121 1184 3185 ih
1204 3119 1340 3184 Platone
1416 3139 1417 3156 ¹

328 3236 401 3303 fere
422 3234 701 3301 desiderabamus.
765 3233 863 3299 Ideae
884 3258 904 3299 a
927 3233 1183 3314 mathematicis,
1212 3232 1336 3298 mathe-
1416 3216 1417 3232 ¹

278 3327 282 3336 i
329 3351 449 3418 metica
472 3346 609 3414 arebus
637 3347 765 3412 stabant
792 3359 953 3438 separata·
968 3373 1031 3415 nec
1060 3369 1239 3412 commune
1264 3345 1344 3410 riu-

330 3463 442 3526 culum
475 3460 551 3526 satis
581 3473 652 3527 erat
679 3462 871 3538 indicatum,
936 3463 975 3526 In
1010 3483 1133 3545 magno
1169 3471 1280 3524 autem
1313 3470 1345 3523 et
1416 3507 1417 3510 ,

329 3594 435 3664 parvo
458 3568 542 3638 sicut
572 3573 852 3664 deprehendimus
882 3560 969 3659 quod
1001 3575 1091 3638 ideas
1118 3583 1152 3636 et
1182 3593 1346 3636 numeros

329 3689 450 3754 arctius
486 3691 677 3772 cot·1jungat,
714 3688 760 3752 ita
789 3699 823 3750 et
852 3687 940 3772 quod
976 3686 1128 3752 idearum
1165 3683 1346 3770 cogitatam

328 3802 471 3888 speciem
494 3799 590 3886 spatii
612 3811 748 3863 naturae
770 3799 863 3884 quasi
884 3797 1061 3878 informet,
1083 3799 1123 3864 ad
1146 3820 1262 3863 rerum
1284 3821 1347 3863 ve·
1416 3869 1417 3872 Ἴ

327 3915 459 3978 ritatem
489 3911 637 3977 traducat
663 3924 761 3998 atque
787 3912 833 3977 ita
861 3910 1015 3977 idearum
1041 3924 1077 3978 et
1105 3912 1346 3977 rerumcom-
1416 3899 1417 3910 ἵ

246 4097 254 4108 s
329 4013 525 4092 munionem
539 4025 722 4092 constituat.
743 4024 824 4110 ¹Quo
839 4027 1006 4114 pertinent
1019 4025 1086 4092 duo
1101 4024 1247 4109 maxime
1259 4025 1347 4091 loca.
1416 4073 1417 4084 ,
