<?xml version="1.0" encoding="UTF-8"?>
<!DOCTYPE html PUBLIC "-//W3C//DTD XHTML 1.0 Transitional//EN"
    "http://www.w3.org/TR/xhtml1/DTD/xhtml1-transitional.dtd">
<html xmlns="http://www.w3.org/1999/xhtml" xml:lang="en" lang="en">
 <head>
  <title>
</title>
<meta http-equiv="Content-Type" content="text/html;charset=utf-8" />
  <meta name='ocr-system' content='tesseract 3.04.00' />
  <meta name='ocr-capabilities' content='ocr_page ocr_carea ocr_par ocr_line ocrx_word'/>
</head>
<body>
  <div class='ocr_page' id='page_1' title='image "./platonisdeideis01trengoog_0051.png"; bbox 0 0 2868 4988; ppageno 0'>
   <div class='ocr_carea' id='block_1_1' title="bbox 250 343 1417 4090">
    <p class='ocr_par' dir='ltr' id='par_1_1' title="bbox 347 343 1356 614">
     <span class='ocr_line' id='line_1_1' title="bbox 727 343 869 418; baseline 0 0"><span class='ocrx_word' id='word_1_1' title='bbox 727 343 730 350; x_wconf 69' lang='grc'><strong>’</strong></span> <span class='ocrx_word' id='word_1_2' title='bbox 825 352 869 418; x_wconf 87' lang='grc'><strong>38</strong></span> 
     </span>
     <span class='ocr_line' id='line_1_2' title="bbox 347 519 1356 614; baseline -0.002 -26"><span class='ocrx_word' id='word_1_3' title='bbox 347 531 443 588; x_wconf 86' lang='lat' dir='ltr'><strong>tenus</strong></span> <span class='ocrx_word' id='word_1_4' title='bbox 464 520 506 587; x_wconf 87' lang='lat' dir='ltr'><strong>de</strong></span> <span class='ocrx_word' id='word_1_5' title='bbox 526 522 672 606; x_wconf 79' lang='lat' dir='ltr'><strong>subjecto</strong></span> <span class='ocrx_word' id='word_1_6' title='bbox 694 519 856 614; x_wconf 83' lang='lat' dir='ltr'><strong>dicitnr·.“</strong></span> <span class='ocrx_word' id='word_1_7' title='bbox 900 522 977 606; x_wconf 87' lang='lat' dir='ltr'><strong>Quo</strong></span> <span class='ocrx_word' id='word_1_8' title='bbox 1001 519 1155 607; x_wconf 76' lang='lat' dir='ltr'><strong>confligio</strong></span> <span class='ocrx_word' id='word_1_9' title='bbox 1177 543 1244 586; x_wconf 89' lang='lat' dir='ltr'><strong>non</strong></span> <span class='ocrx_word' id='word_1_10' title='bbox 1269 539 1356 611; x_wconf 87' lang='lat' dir='ltr'><strong>opus</strong></span> 
     </span>
    </p>

    <p class='ocr_par' dir='ltr' id='par_1_2' title="bbox 250 619 1415 1284">
     <span class='ocr_line' id='line_1_3' title="bbox 250 619 1358 726; baseline 0.001 -28"><span class='ocrx_word' id='word_1_11' title='bbox 250 711 253 718; x_wconf 26' lang='grc' dir='ltr'>Ι</span> <span class='ocrx_word' id='word_1_12' title='bbox 350 643 415 710; x_wconf 88' lang='lat' dir='ltr'><strong>est,</strong></span> <span class='ocrx_word' id='word_1_13' title='bbox 444 634 546 701; x_wconf 89' lang='lat' dir='ltr'><strong>modo</strong></span> <span class='ocrx_word' id='word_1_14' title='bbox 568 657 611 699; x_wconf 90' lang='lat' dir='ltr'><strong>ne</strong></span> <span class='ocrx_word' id='word_1_15' title='bbox 630 633 876 721; x_wconf 69' lang='lat' dir='ltr'><strong>interpreteris,</strong></span> <span class='ocrx_word' id='word_1_16' title='bbox 907 631 1120 718; x_wconf 76' lang='grc' dir='ltr'><strong><em>ὖιιοκείμιιότ,</em></strong></span> <span class='ocrx_word' id='word_1_17' title='bbox 1161 619 1358 726; x_wconf 79' lang='lat' dir='ltr'><strong>suhjeetum.</strong></span> 
     </span>
     <span class='ocr_line' id='line_1_4' title="bbox 349 743 1414 842; baseline 0.001 -33"><span class='ocrx_word' id='word_1_18' title='bbox 349 743 484 828; x_wconf 85' lang='lat' dir='ltr'><strong>Etenim</strong></span> <span class='ocrx_word' id='word_1_19' title='bbox 511 768 615 832; x_wconf 91' lang='lat' dir='ltr'><strong>quum</strong></span> <span class='ocrx_word' id='word_1_20' title='bbox 647 743 842 826; x_wconf 64' lang='grc' dir='ltr'><strong><em>ὖποκιιζιιειιι</em></strong></span> <span class='ocrx_word' id='word_1_21' title='bbox 862 747 897 814; x_wconf 87' lang='lat' dir='ltr'><strong>id</strong></span> <span class='ocrx_word' id='word_1_22' title='bbox 917 748 977 826; x_wconf 89' lang='lat' dir='ltr'><strong>sit,</strong></span> <span class='ocrx_word' id='word_1_23' title='bbox 1007 747 1095 833; x_wconf 82' lang='lat' dir='ltr'><strong>quod</strong></span> <span class='ocrx_word' id='word_1_24' title='bbox 1119 747 1216 813; x_wconf 87' lang='lat' dir='ltr'><strong>rebus</strong></span> <span class='ocrx_word' id='word_1_25' title='bbox 1234 748 1358 823; x_wconf 86' lang='lat' dir='ltr'><strong>subest,</strong></span> <span class='ocrx_word' id='word_1_26' title='bbox 1413 829 1414 842; x_wconf 10' lang='grc' dir='ltr'>χ</span> 
     </span>
     <span class='ocr_line' id='line_1_5' title="bbox 353 857 1362 948; baseline 0.001 -25"><span class='ocrx_word' id='word_1_27' title='bbox 353 858 441 942; x_wconf 79' lang='lat' dir='ltr'><strong>quod</strong></span> <span class='ocrx_word' id='word_1_28' title='bbox 477 857 607 944; x_wconf 87' lang='lat' dir='ltr'><strong>singula</strong></span> <span class='ocrx_word' id='word_1_29' title='bbox 637 860 865 947; x_wconf 83' lang='lat' dir='ltr'><strong>complectitur</strong></span> <span class='ocrx_word' id='word_1_30' title='bbox 901 870 933 924; x_wconf 84' lang='lat' dir='ltr'><strong>et</strong></span> <span class='ocrx_word' id='word_1_31' title='bbox 972 858 1064 944; x_wconf 88' lang='lat' dir='ltr'><strong>qnasi</strong></span> <span class='ocrx_word' id='word_1_32' title='bbox 1103 857 1183 932; x_wconf 76' lang='lat' dir='ltr'><strong>lert,</strong></span> <span class='ocrx_word' id='word_1_33' title='bbox 1231 860 1362 948; x_wconf 85' lang='lat' dir='ltr'><strong>saepius</strong></span> 
     </span>
     <span class='ocr_line' id='line_1_6' title="bbox 355 969 1414 1058; baseline 0 -22"><span class='ocrx_word' id='word_1_34' title='bbox 355 981 405 1036; x_wconf 80' lang='lat' dir='ltr'><strong>est</strong></span> <span class='ocrx_word' id='word_1_35' title='bbox 433 970 593 1039; x_wconf 82' lang='lat' dir='ltr'><strong>substrata</strong></span> <span class='ocrx_word' id='word_1_36' title='bbox 613 973 763 1037; x_wconf 85' lang='lat' dir='ltr'><strong>materia.</strong></span> <span class='ocrx_word' id='word_1_37' title='bbox 812 973 878 1052; x_wconf 92' lang='lat' dir='ltr'><strong>lta,</strong></span> <span class='ocrx_word' id='word_1_38' title='bbox 915 995 957 1036; x_wconf 85' lang='lat' dir='ltr'><strong>ne</strong></span> <span class='ocrx_word' id='word_1_39' title='bbox 980 969 1159 1058; x_wconf 77' lang='lat' dir='ltr'><strong>longinqua</strong></span> <span class='ocrx_word' id='word_1_40' title='bbox 1184 982 1361 1053; x_wconf 78' lang='lat' dir='ltr'><strong>arcessam,</strong></span> <span class='ocrx_word' id='word_1_41' title='bbox 1413 995 1414 1006; x_wconf 57' lang='lat'>¹</span> 
     </span>
     <span class='ocr_line' id='line_1_7' title="bbox 353 1077 1362 1170; baseline 0.004 -24"><span class='ocrx_word' id='word_1_42' title='bbox 353 1080 384 1158; x_wconf 93' lang='lat' dir='ltr'><strong>l,</strong></span> <span class='ocrx_word' id='word_1_43' title='bbox 398 1081 428 1146; x_wconf 87' lang='lat'><strong>3.</strong></span> <span class='ocrx_word' id='word_1_44' title='bbox 451 1087 492 1148; x_wconf 84' lang='lat' dir='ltr'><strong>A.</strong></span> <span class='ocrx_word' id='word_1_45' title='bbox 513 1105 546 1170; x_wconf 87' lang='lat' dir='ltr'><strong>p.</strong></span> <span class='ocrx_word' id='word_1_46' title='bbox 569 1081 620 1145; x_wconf 84' lang='lat'><strong>11·</strong></span> <span class='ocrx_word' id='word_1_47' title='bbox 651 1081 687 1147; x_wconf 79' lang='grc' dir='ltr'><strong>οὗ</strong></span> <span class='ocrx_word' id='word_1_48' title='bbox 715 1079 769 1168; x_wconf 69' lang='grc' dir='ltr'><strong>γὰρ</strong></span> <span class='ocrx_word' id='word_1_49' title='bbox 796 1082 835 1164; x_wconf 78' lang='grc' dir='ltr'><strong>δὴ</strong></span> <span class='ocrx_word' id='word_1_50' title='bbox 865 1077 933 1168; x_wconf 67' lang='lat' dir='ltr'><strong>stirs</strong></span> <span class='ocrx_word' id='word_1_51' title='bbox 963 1078 1157 1163; x_wconf 74' lang='grc' dir='ltr'><strong><em>ὑποκείμενον</em></strong></span> <span class='ocrx_word' id='word_1_52' title='bbox 1179 1083 1255 1148; x_wconf 78' lang='grc' dir='ltr'><strong><em>αὐτῶ</em></strong></span> <span class='ocrx_word' id='word_1_53' title='bbox 1275 1093 1362 1149; x_wconf 79' lang='grc' dir='ltr'><strong><em>ποιῶ</em></strong></span> 
     </span>
     <span class='ocr_line' id='line_1_8' title="bbox 354 1177 1415 1284; baseline 0.003 -27"><span class='ocrx_word' id='word_1_54' title='bbox 354 1189 556 1280; x_wconf 54' lang='grc' dir='ltr'><strong><em>μεταβάλλειν</em></strong></span> <span class='ocrx_word' id='word_1_55' title='bbox 583 1190 693 1260; x_wconf 75' lang='grc' dir='ltr'><strong><em>ἑαυτό·</em></strong></span> <span class='ocrx_word' id='word_1_56' title='bbox 731 1193 806 1278; x_wconf 72' lang='grc' dir='ltr'><strong>λέγω</strong></span> <span class='ocrx_word' id='word_1_57' title='bbox 834 1194 874 1270; x_wconf 75' lang='grc' dir='ltr'><strong>δ’,</strong></span> <span class='ocrx_word' id='word_1_58' title='bbox 898 1195 963 1262; x_wconf 74' lang='lat' dir='ltr'><strong>otor</strong></span> <span class='ocrx_word' id='word_1_59' title='bbox 990 1191 1061 1261; x_wconf 74' lang='grc' dir='ltr'><strong>οὔτε</strong></span> <span class='ocrx_word' id='word_1_60' title='bbox 1083 1177 1323 1270; x_wconf 67' lang='lat' dir='ltr'><strong>16²}ltorolrs</strong></span> <span class='ocrx_word' id='word_1_61' title='bbox 1344 1193 1361 1260; x_wconf 83' lang='grc' dir='ltr'><em>ὃ</em></span> <span class='ocrx_word' id='word_1_62' title='bbox 1414 1193 1415 1284; x_wconf 72' lang='lat' dir='ltr'><strong>l</strong></span> 
     </span>
    </p>

    <p class='ocr_par' dir='ltr' id='par_1_3' title="bbox 268 1302 1361 1394">
     <span class='ocr_line' id='line_1_9' title="bbox 268 1302 1361 1394; baseline 0.008 -28"><span class='ocrx_word' id='word_1_63' title='bbox 268 1308 274 1318; x_wconf 90' lang='lat'>&#39;</span> <span class='ocrx_word' id='word_1_64' title='bbox 356 1302 467 1390; x_wconf 75' lang='grc' dir='ltr'><strong><em>χαλκὸς</em></strong></span> <span class='ocrx_word' id='word_1_65' title='bbox 486 1307 584 1384; x_wconf 78' lang='grc' dir='ltr'><strong><em>αἴτιος</em></strong></span> <span class='ocrx_word' id='word_1_66' title='bbox 607 1311 663 1372; x_wconf 77' lang='grc' dir='ltr'><strong>τοῦ</strong></span> <span class='ocrx_word' id='word_1_67' title='bbox 684 1303 884 1394; x_wconf 70' lang='grc' dir='ltr'><strong>μεταβάλλειν</strong></span> <span class='ocrx_word' id='word_1_68' title='bbox 904 1306 1041 1394; x_wconf 74' lang='grc' dir='ltr'><strong>ἑκάτερον</strong></span> <span class='ocrx_word' id='word_1_69' title='bbox 1060 1307 1178 1374; x_wconf 69' lang='grc' dir='ltr'><strong><em>ἀὐτῶν</em></strong></span> <span class='ocrx_word' id='word_1_70' title='bbox 1215 1310 1242 1372; x_wconf 93' lang='lat' dir='ltr'><strong>l.</strong></span> <span class='ocrx_word' id='word_1_71' title='bbox 1263 1308 1295 1373; x_wconf 77' lang='lat'><strong>7.</strong></span> <span class='ocrx_word' id='word_1_72' title='bbox 1318 1315 1361 1375; x_wconf 88' lang='lat' dir='ltr'><strong>A.</strong></span> 
     </span>
    </p>

    <p class='ocr_par' dir='ltr' id='par_1_4' title="bbox 315 1399 1362 1508">
     <span class='ocr_line' id='line_1_10' title="bbox 315 1399 1362 1508; baseline 0.002 -24"><span class='ocrx_word' id='word_1_73' title='bbox 315 1437 321 1448; x_wconf 77' lang='grc'><strong>“</strong></span> <span class='ocrx_word' id='word_1_74' title='bbox 358 1439 395 1505; x_wconf 89' lang='lat' dir='ltr'><strong>p.</strong></span> <span class='ocrx_word' id='word_1_75' title='bbox 417 1418 468 1484; x_wconf 87' lang='grc'><strong>33.</strong></span> <span class='ocrx_word' id='word_1_76' title='bbox 489 1403 591 1486; x_wconf 64' lang='grc' dir='ltr'><strong><em>ἔτιδὲ</em></strong></span> <span class='ocrx_word' id='word_1_77' title='bbox 612 1417 670 1504; x_wconf 70' lang='grc' dir='ltr'><strong>τὴν</strong></span> <span class='ocrx_word' id='word_1_78' title='bbox 688 1417 888 1508; x_wconf 73' lang='grc' dir='ltr'><strong><em>ὑποκειμένην</em></strong></span> <span class='ocrx_word' id='word_1_79' title='bbox 915 1419 1020 1486; x_wconf 77' lang='grc' dir='ltr'><strong><em>οὐσίαι</em></strong></span> <span class='ocrx_word' id='word_1_80' title='bbox 1041 1416 1082 1497; x_wconf 86' lang='grc' dir='ltr'><strong>ῶς</strong></span> <span class='ocrx_word' id='word_1_81' title='bbox 1102 1399 1189 1505; x_wconf 68' lang='lat' dir='ltr'><strong>illap-</strong></span> <span class='ocrx_word' id='word_1_82' title='bbox 1232 1422 1362 1503; x_wconf 82' lang='lat' dir='ltr'>Quibus</span> 
     </span>
    </p>

    <p class='ocr_par' dir='ltr' id='par_1_5' title="bbox 316 1532 1363 1614">
     <span class='ocr_line' id='line_1_11' title="bbox 316 1532 1363 1614; baseline 0.001 -18"><span class='ocrx_word' id='word_1_83' title='bbox 316 1567 318 1571; x_wconf 94' lang='lat'>·</span> <span class='ocrx_word' id='word_1_84' title='bbox 360 1532 401 1596; x_wconf 86' lang='lat' dir='ltr'><strong>ad</strong></span> <span class='ocrx_word' id='word_1_85' title='bbox 442 1543 606 1597; x_wconf 51' lang='lat' dir='ltr'><strong>nostrum¹</strong></span> <span class='ocrx_word' id='word_1_86' title='bbox 627 1533 737 1600; x_wconf 83' lang='lat' dir='ltr'><strong>locum</strong></span> <span class='ocrx_word' id='word_1_87' title='bbox 769 1534 1041 1614; x_wconf 63' lang='lat' dir='ltr'><strong>accommodatis,</strong></span> <span class='ocrx_word' id='word_1_88' title='bbox 1076 1534 1189 1596; x_wconf 88' lang='lat' dir='ltr'><strong>omnia</strong></span> <span class='ocrx_word' id='word_1_89' title='bbox 1216 1533 1298 1598; x_wconf 86' lang='lat' dir='ltr'><strong>inter</strong></span> <span class='ocrx_word' id='word_1_90' title='bbox 1327 1558 1363 1597; x_wconf 89' lang='lat' dir='ltr'><strong>ss</strong></span> 
     </span>
    </p>

    <p class='ocr_par' dir='ltr' id='par_1_6' title="bbox 362 1629 1361 1734">
     <span class='ocr_line' id='line_1_12' title="bbox 362 1629 1361 1734; baseline 0.004 -29"><span class='ocrx_word' id='word_1_91' title='bbox 362 1645 582 1710; x_wconf 74' lang='lat' dir='ltr'><strong>consentient:</strong></span> <span class='ocrx_word' id='word_1_92' title='bbox 621 1645 774 1712; x_wconf 87' lang='lat' dir='ltr'><strong>idearum</strong></span> <span class='ocrx_word' id='word_1_93' title='bbox 802 1669 854 1711; x_wconf 90' lang='lat' dir='ltr'><strong>res</strong></span> <span class='ocrx_word' id='word_1_94' title='bbox 884 1668 952 1714; x_wconf 86' lang='lat' dir='ltr'><strong>esso</strong></span> <span class='ocrx_word' id='word_1_95' title='bbox 980 1643 1170 1734; x_wconf 74' lang='lat' dir='ltr'><strong>participes,</strong></span> <span class='ocrx_word' id='word_1_96' title='bbox 1206 1629 1361 1730; x_wconf 86' lang='lat' dir='ltr'><strong>qnatenus</strong></span> 
     </span>
    </p>

    <p class='ocr_par' dir='ltr' id='par_1_7' title="bbox 272 1754 1417 1958">
     <span class='ocr_line' id='line_1_13' title="bbox 272 1754 1364 1842; baseline 0.004 -26"><span class='ocrx_word' id='word_1_97' title='bbox 272 1811 274 1816; x_wconf 91' lang='lat'><strong>.</strong></span> <span class='ocrx_word' id='word_1_98' title='bbox 314 1833 319 1842; x_wconf 19' lang='grc' dir='ltr'><em>μ</em></span> <span class='ocrx_word' id='word_1_99' title='bbox 361 1754 499 1821; x_wconf 83' lang='lat' dir='ltr'><strong>notione</strong></span> <span class='ocrx_word' id='word_1_100' title='bbox 511 1757 741 1823; x_wconf 89' lang='lat' dir='ltr'><strong>contineantur</strong></span> <span class='ocrx_word' id='word_1_101' title='bbox 757 1771 863 1842; x_wconf 82' lang='lat' dir='ltr'><strong>neque</strong></span> <span class='ocrx_word' id='word_1_102' title='bbox 878 1758 917 1822; x_wconf 90' lang='lat' dir='ltr'><strong>ad</strong></span> <span class='ocrx_word' id='word_1_103' title='bbox 934 1758 1115 1833; x_wconf 80' lang='lat' dir='ltr'><strong>materiam,</strong></span> <span class='ocrx_word' id='word_1_104' title='bbox 1139 1758 1226 1822; x_wconf 87' lang='lat' dir='ltr'><strong>unde</strong></span> <span class='ocrx_word' id='word_1_105' title='bbox 1238 1757 1364 1842; x_wconf 85' lang='lat' dir='ltr'><strong>singula</strong></span> 
     </span>
     <span class='ocr_line' id='line_1_14' title="bbox 331 1839 1417 1958; baseline 0.002 -28"><span class='ocrx_word' id='word_1_106' title='bbox 331 1904 336 1910; x_wconf 91' lang='lat'><strong>·</strong></span> <span class='ocrx_word' id='word_1_107' title='bbox 363 1854 513 1952; x_wconf 69' lang='lat' dir='ltr'><strong>quaeque</strong></span> <span class='ocrx_word' id='word_1_108' title='bbox 537 1891 639 1958; x_wconf 87' lang='lat' dir='ltr'><strong>eaque</strong></span> <span class='ocrx_word' id='word_1_109' title='bbox 659 1867 795 1934; x_wconf 85' lang='lat' dir='ltr'><strong>fortuita</strong></span> <span class='ocrx_word' id='word_1_110' title='bbox 815 1867 1055 1956; x_wconf 79' lang='lat' dir='ltr'><strong>suscipiuntur,</strong></span> <span class='ocrx_word' id='word_1_111' title='bbox 1076 1867 1141 1932; x_wconf 89' lang='lat' dir='ltr'><strong>sint</strong></span> <span class='ocrx_word' id='word_1_112' title='bbox 1157 1869 1340 1933; x_wconf 83' lang='lat' dir='ltr'><strong>referenda.</strong></span> <span class='ocrx_word' id='word_1_113' title='bbox 1416 1839 1417 1924; x_wconf 79' lang='lat' dir='ltr'><strong>i</strong></span> 
     </span>
    </p>

    <p class='ocr_par' dir='ltr' id='par_1_8' title="bbox 450 1978 1364 2068">
     <span class='ocr_line' id='line_1_15' title="bbox 450 1978 1364 2068; baseline 0.004 -26"><span class='ocrx_word' id='word_1_114' title='bbox 450 1979 626 2068; x_wconf 86' lang='lat' dir='ltr'><strong>Sioptima</strong></span> <span class='ocrx_word' id='word_1_115' title='bbox 641 1992 689 2045; x_wconf 89' lang='lat' dir='ltr'><strong>est</strong></span> <span class='ocrx_word' id='word_1_116' title='bbox 703 2004 741 2046; x_wconf 89' lang='lat' dir='ltr'><strong>ea</strong></span> <span class='ocrx_word' id='word_1_117' title='bbox 757 1978 922 2057; x_wconf 79' lang='lat' dir='ltr'><strong>refutatio,</strong></span> <span class='ocrx_word' id='word_1_118' title='bbox 941 2002 1034 2064; x_wconf 88' lang='lat' dir='ltr'><strong>quae,</strong></span> <span class='ocrx_word' id='word_1_119' title='bbox 1049 1992 1225 2067; x_wconf 87' lang='lat' dir='ltr'><strong>postquam</strong></span> <span class='ocrx_word' id='word_1_120' title='bbox 1235 1982 1270 2044; x_wconf 92' lang='lat' dir='ltr'><strong>in</strong></span> <span class='ocrx_word' id='word_1_121' title='bbox 1284 1981 1364 2046; x_wconf 90' lang='lat' dir='ltr'><strong>alie·</strong></span> 
     </span>
    </p>

    <p class='ocr_par' dir='ltr' id='par_1_9' title="bbox 363 2091 1362 2178">
     <span class='ocr_line' id='line_1_16' title="bbox 363 2091 1362 2178; baseline -0.002 -20"><span class='ocrx_word' id='word_1_122' title='bbox 363 2111 443 2158; x_wconf 86' lang='lat' dir='ltr'><strong>nam</strong></span> <span class='ocrx_word' id='word_1_123' title='bbox 459 2093 655 2159; x_wconf 87' lang='lat' dir='ltr'><strong>sententiam</strong></span> <span class='ocrx_word' id='word_1_124' title='bbox 677 2114 748 2171; x_wconf 83' lang='lat' dir='ltr'><strong>sese</strong></span> <span class='ocrx_word' id='word_1_125' title='bbox 768 2092 859 2178; x_wconf 88' lang='lat' dir='ltr'><strong>quasi</strong></span> <span class='ocrx_word' id='word_1_126' title='bbox 882 2091 1075 2167; x_wconf 80' lang='lat' dir='ltr'><strong>insinuarit,</strong></span> <span class='ocrx_word' id='word_1_127' title='bbox 1104 2093 1275 2157; x_wconf 82' lang='lat' dir='ltr'><strong>ostendere</strong></span> <span class='ocrx_word' id='word_1_128' title='bbox 1294 2093 1362 2167; x_wconf 87' lang='lat' dir='ltr'><strong>seit,</strong></span> 
     </span>
    </p>

    <p class='ocr_par' dir='ltr' id='par_1_10' title="bbox 366 2204 1366 2293">
     <span class='ocr_line' id='line_1_17' title="bbox 366 2204 1366 2293; baseline 0.003 -26"><span class='ocrx_word' id='word_1_129' title='bbox 366 2204 534 2286; x_wconf 88' lang='lat' dir='ltr'><strong>quomodo</strong></span> <span class='ocrx_word' id='word_1_130' title='bbox 550 2227 592 2272; x_wconf 87' lang='lat' dir='ltr'><strong>ex</strong></span> <span class='ocrx_word' id='word_1_131' title='bbox 607 2204 668 2270; x_wconf 87' lang='lat' dir='ltr'><strong>hac</strong></span> <span class='ocrx_word' id='word_1_132' title='bbox 680 2205 751 2292; x_wconf 87' lang='lat' dir='ltr'><strong>ipsa</strong></span> <span class='ocrx_word' id='word_1_133' title='bbox 764 2205 901 2284; x_wconf 77' lang='lat' dir='ltr'><strong>ulterius</strong></span> <span class='ocrx_word' id='word_1_134' title='bbox 915 2205 993 2293; x_wconf 90' lang='lat' dir='ltr'><strong>quid</strong></span> <span class='ocrx_word' id='word_1_135' title='bbox 1011 2216 1044 2271; x_wconf 89' lang='lat' dir='ltr'><strong>et</strong></span> <span class='ocrx_word' id='word_1_136' title='bbox 1057 2205 1157 2283; x_wconf 87' lang='lat' dir='ltr'><strong>aliud,</strong></span> <span class='ocrx_word' id='word_1_137' title='bbox 1181 2227 1279 2290; x_wconf 91' lang='lat' dir='ltr'><strong>quam</strong></span> <span class='ocrx_word' id='word_1_138' title='bbox 1295 2207 1366 2293; x_wconf 85' lang='lat' dir='ltr'><strong>ipsa</strong></span> 
     </span>
    </p>

    <p class='ocr_par' dir='ltr' id='par_1_11' title="bbox 365 2317 1367 2404">
     <span class='ocr_line' id='line_1_18' title="bbox 365 2317 1367 2404; baseline 0.004 -27"><span class='ocrx_word' id='word_1_139' title='bbox 365 2317 549 2394; x_wconf 84' lang='lat' dir='ltr'><strong>sententia,</strong></span> <span class='ocrx_word' id='word_1_140' title='bbox 577 2328 816 2404; x_wconf 75' lang='lat' dir='ltr'><strong>oonsequaturt</strong></span> <span class='ocrx_word' id='word_1_141' title='bbox 844 2317 906 2382; x_wconf 88' lang='lat' dir='ltr'><strong>hac</strong></span> <span class='ocrx_word' id='word_1_142' title='bbox 928 2317 1140 2392; x_wconf 85' lang='lat' dir='ltr'><strong>Aristoteles,</strong></span> <span class='ocrx_word' id='word_1_143' title='bbox 1173 2329 1207 2381; x_wconf 88' lang='lat' dir='ltr'><strong>ut</strong></span> <span class='ocrx_word' id='word_1_144' title='bbox 1227 2318 1367 2404; x_wconf 86' lang='lat' dir='ltr'><strong>saepius,</strong></span> 
     </span>
    </p>

    <p class='ocr_par' dir='ltr' id='par_1_12' title="bbox 364 2425 1419 2654">
     <span class='ocr_line' id='line_1_19' title="bbox 364 2425 1370 2520; baseline 0.005 -30"><span class='ocrx_word' id='word_1_145' title='bbox 364 2425 412 2492; x_wconf 86' lang='lat' dir='ltr'><strong>ita</strong></span> <span class='ocrx_word' id='word_1_146' title='bbox 434 2426 498 2494; x_wconf 84' lang='lat' dir='ltr'><strong>hoo</strong></span> <span class='ocrx_word' id='word_1_147' title='bbox 517 2430 591 2498; x_wconf 90' lang='lat' dir='ltr'><strong>loco</strong></span> <span class='ocrx_word' id='word_1_148' title='bbox 613 2453 690 2495; x_wconf 87' lang='lat' dir='ltr'><strong>usus</strong></span> <span class='ocrx_word' id='word_1_149' title='bbox 712 2441 768 2494; x_wconf 88' lang='lat' dir='ltr'><strong>est.</strong></span> <span class='ocrx_word' id='word_1_150' title='bbox 809 2430 930 2520; x_wconf 86' lang='lat' dir='ltr'><strong>Neque</strong></span> <span class='ocrx_word' id='word_1_151' title='bbox 952 2432 1039 2495; x_wconf 90' lang='lat' dir='ltr'><strong>enim</strong></span> <span class='ocrx_word' id='word_1_152' title='bbox 1057 2431 1140 2498; x_wconf 86' lang='lat' dir='ltr'><strong>hanc</strong></span> <span class='ocrx_word' id='word_1_153' title='bbox 1152 2429 1275 2512; x_wconf 74' lang='grc' dir='ltr'><strong><em>μέθεξιν</em></strong></span> <span class='ocrx_word' id='word_1_154' title='bbox 1290 2431 1370 2495; x_wconf 82' lang='lat' dir='ltr'><strong>irlti-</strong></span> 
     </span>
     <span class='ocr_line' id='line_1_20' title="bbox 367 2541 1368 2630; baseline 0.005 -27"><span class='ocrx_word' id='word_1_155' title='bbox 367 2559 464 2606; x_wconf 89' lang='lat' dir='ltr'><strong>mum</strong></span> <span class='ocrx_word' id='word_1_156' title='bbox 492 2565 580 2625; x_wconf 84' lang='lat' dir='ltr'><strong>esse,</strong></span> <span class='ocrx_word' id='word_1_157' title='bbox 615 2543 651 2607; x_wconf 91' lang='lat' dir='ltr'><strong>in</strong></span> <span class='ocrx_word' id='word_1_158' title='bbox 671 2544 832 2627; x_wconf 83' lang='lat' dir='ltr'><strong>quo,qnis</strong></span> <span class='ocrx_word' id='word_1_159' title='bbox 853 2541 1049 2627; x_wconf 82' lang='lat' dir='ltr'><strong>acquiescat,</strong></span> <span class='ocrx_word' id='word_1_160' title='bbox 1090 2543 1145 2608; x_wconf 86' lang='lat' dir='ltr'><strong>sed</strong></span> <span class='ocrx_word' id='word_1_161' title='bbox 1169 2565 1240 2606; x_wconf 88' lang='lat' dir='ltr'><strong>eam</strong></span> <span class='ocrx_word' id='word_1_162' title='bbox 1262 2541 1368 2630; x_wconf 81' lang='lat' dir='ltr'><strong>ipsam</strong></span> 
     </span>
    </p>

    <p class='ocr_par' dir='ltr' id='par_1_13' title="bbox 368 2649 1370 2742">
     <span class='ocr_line' id='line_1_21' title="bbox 368 2649 1370 2742; baseline 0.005 -29"><span class='ocrx_word' id='word_1_163' title='bbox 368 2649 458 2715; x_wconf 84' lang='lat' dir='ltr'><strong>aliud</strong></span> <span class='ocrx_word' id='word_1_164' title='bbox 474 2653 553 2736; x_wconf 87' lang='lat' dir='ltr'><strong>quid</strong></span> <span class='ocrx_word' id='word_1_165' title='bbox 572 2654 747 2740; x_wconf 85' lang='lat' dir='ltr'><strong>postulare,</strong></span> <span class='ocrx_word' id='word_1_166' title='bbox 771 2655 952 2740; x_wconf 82' lang='lat' dir='ltr'><strong>metaphys.</strong></span> <span class='ocrx_word' id='word_1_167' title='bbox 972 2655 996 2718; x_wconf 87' lang='grc' dir='ltr'><strong>Ι.</strong></span> <span class='ocrx_word' id='word_1_168' title='bbox 1011 2656 1043 2719; x_wconf 84' lang='grc'><strong>’7.</strong></span> <span class='ocrx_word' id='word_1_169' title='bbox 1060 2661 1100 2720; x_wconf 83' lang='lat' dir='ltr'><strong>A.</strong></span> <span class='ocrx_word' id='word_1_170' title='bbox 1124 2678 1156 2742; x_wconf 92' lang='lat' dir='ltr'><strong>p.</strong></span> <span class='ocrx_word' id='word_1_171' title='bbox 1171 2654 1223 2718; x_wconf 90' lang='lat'><strong>30.</strong></span> <span class='ocrx_word' id='word_1_172' title='bbox 1248 2654 1370 2720; x_wconf 86' lang='lat' dir='ltr'><strong>Brand.</strong></span> 
     </span>
    </p>

    <p class='ocr_par' dir='ltr' id='par_1_14' title="bbox 252 2759 1374 3198">
     <span class='ocr_line' id='line_1_22' title="bbox 252 2759 1374 2853; baseline 0.006 -28"><span class='ocrx_word' id='word_1_173' title='bbox 252 2799 255 2808; x_wconf 92' lang='lat'><em>·</em></span> <span class='ocrx_word' id='word_1_174' title='bbox 368 2759 466 2826; x_wconf 87' lang='lat' dir='ltr'><strong>Xltl.</strong></span> <span class='ocrx_word' id='word_1_175' title='bbox 482 2765 513 2827; x_wconf 78' lang='grc' dir='ltr'><strong>ὀ.</strong></span> <span class='ocrx_word' id='word_1_176' title='bbox 531 2770 577 2828; x_wconf 82' lang='grc' dir='ltr'><strong>Μ.</strong></span> <span class='ocrx_word' id='word_1_177' title='bbox 599 2788 632 2853; x_wconf 86' lang='lat' dir='ltr'><strong>p.</strong></span> <span class='ocrx_word' id='word_1_178' title='bbox 648 2766 722 2838; x_wconf 81' lang='lat'><strong>269.</strong></span> <span class='ocrx_word' id='word_1_179' title='bbox 739 2765 861 2832; x_wconf 86' lang='lat' dir='ltr'><strong>Braud.</strong></span> <span class='ocrx_word' id='word_1_180' title='bbox 884 2771 988 2831; x_wconf 77' lang='grc' dir='ltr'><strong><em>καίτοι</em></strong></span> <span class='ocrx_word' id='word_1_181' title='bbox 1007 2771 1065 2829; x_wconf 84' lang='grc' dir='ltr'><strong>τῶν</strong></span> <span class='ocrx_word' id='word_1_182' title='bbox 1080 2767 1166 2832; x_wconf 78' lang='grc' dir='ltr'><strong><em>εἰδῶν</em></strong></span> <span class='ocrx_word' id='word_1_183' title='bbox 1182 2763 1276 2831; x_wconf 74' lang='grc' dir='ltr'><strong><em>ὄντων</em></strong></span> <span class='ocrx_word' id='word_1_184' title='bbox 1288 2762 1374 2850; x_wconf 71' lang='grc' dir='ltr'><strong>ὅμως</strong></span> 
     </span>
     <span class='ocr_line' id='line_1_23' title="bbox 368 2870 1371 2967; baseline 0.008 -29"><span class='ocrx_word' id='word_1_185' title='bbox 368 2871 406 2938; x_wconf 83' lang='grc' dir='ltr'><strong>οὗ</strong></span> <span class='ocrx_word' id='word_1_186' title='bbox 427 2876 558 2961; x_wconf 73' lang='lat' dir='ltr'><strong>yiyrsrus</strong></span> <span class='ocrx_word' id='word_1_187' title='bbox 577 2874 818 2966; x_wconf 80' lang='grc' dir='ltr'><strong><em>τὰ.μιτέχιιτα,</em></strong></span> <span class='ocrx_word' id='word_1_188' title='bbox 851 2876 888 2944; x_wconf 78' lang='grc' dir='ltr'><strong>ῶν</strong></span> <span class='ocrx_word' id='word_1_189' title='bbox 911 2877 953 2962; x_wconf 78' lang='grc' dir='ltr'><strong>μὴ</strong></span> <span class='ocrx_word' id='word_1_190' title='bbox 984 2870 1058 2967; x_wconf 76' lang='grc' dir='ltr'><strong>ᾗτὸ</strong></span> <span class='ocrx_word' id='word_1_191' title='bbox 1079 2882 1211 2962; x_wconf 74' lang='grc' dir='ltr'><strong>κινῆσον.</strong></span> <span class='ocrx_word' id='word_1_192' title='bbox 1256 2877 1371 2964; x_wconf 85' lang='lat' dir='ltr'><strong>Quem</strong></span> 
     </span>
     <span class='ocr_line' id='line_1_24' title="bbox 367 2988 1373 3102; baseline 0.009 -53"><span class='ocrx_word' id='word_1_193' title='bbox 367 2995 516 3071; x_wconf 87' lang='lat' dir='ltr'><strong>motum,</strong></span> <span class='ocrx_word' id='word_1_194' title='bbox 541 2990 626 3070; x_wconf 81' lang='lat' dir='ltr'><strong>siout</strong></span> <span class='ocrx_word' id='word_1_195' title='bbox 648 3001 757 3058; x_wconf 82' lang='lat' dir='ltr'><strong>motus</strong></span> <span class='ocrx_word' id='word_1_196' title='bbox 778 2991 1011 3102; x_wconf 67' lang='lat' dir='ltr'><strong>Aristotelicap</strong></span> <span class='ocrx_word' id='word_1_197' title='bbox 1031 2988 1258 3079; x_wconf 81' lang='lat' dir='ltr'><strong>philesophiae</strong></span> <span class='ocrx_word' id='word_1_198' title='bbox 1276 2995 1373 3077; x_wconf 88' lang='lat' dir='ltr'><strong>quasi</strong></span> 
     </span>
     <span class='ocr_line' id='line_1_25' title="bbox 369 3097 1366 3198; baseline 0.008 -36"><span class='ocrx_word' id='word_1_199' title='bbox 369 3097 500 3179; x_wconf 84' lang='lat' dir='ltr'><strong>anima,</strong></span> <span class='ocrx_word' id='word_1_200' title='bbox 527 3099 734 3198; x_wconf 81' lang='lat' dir='ltr'><strong>Aristoteles</strong></span> <span class='ocrx_word' id='word_1_201' title='bbox 747 3104 933 3192; x_wconf 76' lang='lat' dir='ltr'><strong>saepissime</strong></span> <span class='ocrx_word' id='word_1_202' title='bbox 948 3113 1061 3168; x_wconf 86' lang='lat' dir='ltr'><strong>contra</strong></span> <span class='ocrx_word' id='word_1_203' title='bbox 1077 3103 1247 3169; x_wconf 88' lang='lat' dir='ltr'><strong>Platonem</strong></span> <span class='ocrx_word' id='word_1_204' title='bbox 1262 3106 1366 3187; x_wconf 77' lang='lat' dir='ltr'><strong>urget.</strong></span> 
     </span>
    </p>

    <p class='ocr_par' dir='ltr' id='par_1_15' title="bbox 452 3211 1368 3305">
     <span class='ocr_line' id='line_1_26' title="bbox 452 3211 1368 3305; baseline 0 -27"><span class='ocrx_word' id='word_1_205' title='bbox 452 3211 521 3278; x_wconf 88' lang='lat' dir='ltr'><strong>lam</strong></span> <span class='ocrx_word' id='word_1_206' title='bbox 537 3213 733 3294; x_wconf 84' lang='lat' dir='ltr'><strong>Aristoteles</strong></span> <span class='ocrx_word' id='word_1_207' title='bbox 755 3213 959 3304; x_wconf 85' lang='lat' dir='ltr'><strong>(metaphys.</strong></span> <span class='ocrx_word' id='word_1_208' title='bbox 976 3217 1001 3281; x_wconf 90' lang='lat' dir='ltr'><strong>l.</strong></span> <span class='ocrx_word' id='word_1_209' title='bbox 1015 3219 1046 3283; x_wconf 81' lang='lat' dir='ltr'><strong>ti.</strong></span> <span class='ocrx_word' id='word_1_210' title='bbox 1062 3222 1104 3284; x_wconf 82' lang='lat' dir='ltr'><strong>A.</strong></span> <span class='ocrx_word' id='word_1_211' title='bbox 1118 3240 1151 3305; x_wconf 92' lang='lat' dir='ltr'><strong>p.</strong></span> <span class='ocrx_word' id='word_1_212' title='bbox 1164 3216 1218 3282; x_wconf 86' lang='lat'><strong>20.</strong></span> <span class='ocrx_word' id='word_1_213' title='bbox 1232 3215 1368 3302; x_wconf 76' lang='lat' dir='ltr'><strong>Braml.)</strong></span> 
     </span>
    </p>

    <p class='ocr_par' dir='ltr' id='par_1_16' title="bbox 290 3323 1379 3639">
     <span class='ocr_line' id='line_1_27' title="bbox 290 3323 1373 3423; baseline 0.005 -34"><span class='ocrx_word' id='word_1_214' title='bbox 290 3383 295 3423; x_wconf 23' lang='grc' dir='ltr'>ἱ</span> <span class='ocrx_word' id='word_1_215' title='bbox 368 3323 407 3391; x_wconf 89' lang='lat' dir='ltr'><strong>in</strong></span> <span class='ocrx_word' id='word_1_216' title='bbox 434 3324 580 3394; x_wconf 83' lang='lat' dir='ltr'><strong>Platonis</strong></span> <span class='ocrx_word' id='word_1_217' title='bbox 607 3328 775 3394; x_wconf 81' lang='lat' dir='ltr'><strong>sententiis</strong></span> <span class='ocrx_word' id='word_1_218' title='bbox 812 3329 993 3402; x_wconf 85' lang='lat' dir='ltr'><strong>enodandis</strong></span> <span class='ocrx_word' id='word_1_219' title='bbox 1020 3329 1066 3394; x_wconf 90' lang='lat' dir='ltr'><strong>ita</strong></span> <span class='ocrx_word' id='word_1_220' title='bbox 1103 3329 1226 3416; x_wconf 73' lang='lat' dir='ltr'><strong>pergitz</strong></span> <span class='ocrx_word' id='word_1_221' title='bbox 1262 3330 1307 3398; x_wconf 71' lang='grc' dir='ltr'><strong>ἔτι</strong></span> <span class='ocrx_word' id='word_1_222' title='bbox 1336 3328 1373 3396; x_wconf 81' lang='grc' dir='ltr'><strong>δὲ</strong></span> 
     </span>
     <span class='ocr_line' id='line_1_28' title="bbox 294 3419 1377 3536; baseline 0 -34"><span class='ocrx_word' id='word_1_223' title='bbox 294 3449 299 3476; x_wconf 89' lang='grc'><strong>’</strong></span> <span class='ocrx_word' id='word_1_224' title='bbox 368 3434 452 3523; x_wconf 70' lang='grc' dir='ltr'><strong>παρὰ</strong></span> <span class='ocrx_word' id='word_1_225' title='bbox 474 3439 512 3536; x_wconf 70' lang='grc' dir='ltr'><strong>τᾷ</strong></span> <span class='ocrx_word' id='word_1_226' title='bbox 531 3436 669 3526; x_wconf 75' lang='grc' dir='ltr'><strong><em>αἰσθητὰ</em></strong></span> <span class='ocrx_word' id='word_1_227' title='bbox 689 3442 740 3507; x_wconf 78' lang='lat' dir='ltr'><strong>aul</strong></span> <span class='ocrx_word' id='word_1_228' title='bbox 762 3438 800 3508; x_wconf 79' lang='grc' dir='ltr'><strong>τὰ</strong></span> <span class='ocrx_word' id='word_1_229' title='bbox 827 3441 895 3532; x_wconf 78' lang='grc' dir='ltr'><strong>εἴδη</strong></span> <span class='ocrx_word' id='word_1_230' title='bbox 923 3438 961 3506; x_wconf 77' lang='grc' dir='ltr'><strong>τὰ</strong></span> <span class='ocrx_word' id='word_1_231' title='bbox 987 3438 1186 3526; x_wconf 75' lang='grc' dir='ltr'><strong><em>μαθηματικὰ</em></strong></span> <span class='ocrx_word' id='word_1_232' title='bbox 1207 3445 1267 3529; x_wconf 73' lang='grc' dir='ltr'><strong>τῶι</strong></span> <span class='ocrx_word' id='word_1_233' title='bbox 1286 3419 1377 3527; x_wconf 36' lang='lat' dir='ltr'><strong>upa..</strong></span> 
     </span>
     <span class='ocr_line' id='line_1_29' title="bbox 368 3540 1379 3639; baseline 0.009 -24"><span class='ocrx_word' id='word_1_234' title='bbox 368 3544 488 3636; x_wconf 74' lang='grc' dir='ltr'><strong><em>γμᾶτωι</em></strong></span> <span class='ocrx_word' id='word_1_235' title='bbox 506 3551 586 3619; x_wconf 72' lang='lat' dir='ltr'><strong>sisui</strong></span> <span class='ocrx_word' id='word_1_236' title='bbox 603 3577 680 3639; x_wconf 77' lang='grc' dir='ltr'><strong><em>φησι</em></strong></span> <span class='ocrx_word' id='word_1_237' title='bbox 699 3550 828 3635; x_wconf 75' lang='grc' dir='ltr'><strong><em>μεταξύ,</em></strong></span> <span class='ocrx_word' id='word_1_238' title='bbox 856 3540 1035 3636; x_wconf 69' lang='grc' dir='ltr'><strong><em>διαφέροντα</em></strong></span> <span class='ocrx_word' id='word_1_239' title='bbox 1056 3559 1116 3618; x_wconf 82' lang='grc' dir='ltr'><strong>τῶι</strong></span> <span class='ocrx_word' id='word_1_240' title='bbox 1134 3553 1188 3636; x_wconf 75' lang='grc' dir='ltr'><strong>μὲν</strong></span> <span class='ocrx_word' id='word_1_241' title='bbox 1207 3557 1379 3639; x_wconf 73' lang='grc' dir='ltr'><strong>αἰσθητῶν</strong></span> 
     </span>
    </p>

    <p class='ocr_par' dir='ltr' id='par_1_17' title="bbox 363 3659 1382 4090">
     <span class='ocr_line' id='line_1_30' title="bbox 369 3659 1382 3751; baseline 0.005 -24"><span class='ocrx_word' id='word_1_242' title='bbox 369 3659 414 3748; x_wconf 68' lang='grc' dir='ltr'><strong>τῷ</strong></span> <span class='ocrx_word' id='word_1_243' title='bbox 441 3659 526 3729; x_wconf 69' lang='lat' dir='ltr'><strong>illisu</strong></span> <span class='ocrx_word' id='word_1_244' title='bbox 551 3665 603 3731; x_wconf 70' lang='lat' dir='ltr'><strong>nul</strong></span> <span class='ocrx_word' id='word_1_245' title='bbox 629 3663 757 3751; x_wconf 70' lang='grc' dir='ltr'><strong>ἀκίνητα</strong></span> <span class='ocrx_word' id='word_1_246' title='bbox 786 3666 878 3746; x_wconf 70' lang='grc' dir='ltr'><strong>εἶναι.</strong></span> <span class='ocrx_word' id='word_1_247' title='bbox 914 3671 974 3730; x_wconf 78' lang='grc' dir='ltr'><strong>τῶν</strong></span> <span class='ocrx_word' id='word_1_248' title='bbox 1000 3665 1029 3731; x_wconf 85' lang='lat' dir='ltr'><strong>‹l&#39;</strong></span> <span class='ocrx_word' id='word_1_249' title='bbox 1063 3665 1152 3731; x_wconf 74' lang='grc' dir='ltr'><strong><em>εἰδῶν</em></strong></span> <span class='ocrx_word' id='word_1_250' title='bbox 1179 3669 1223 3747; x_wconf 78' lang='grc' dir='ltr'><strong>τῶ</strong></span> <span class='ocrx_word' id='word_1_251' title='bbox 1249 3662 1290 3729; x_wconf 78' lang='lat' dir='ltr'><strong>rit</strong></span> <span class='ocrx_word' id='word_1_252' title='bbox 1319 3667 1382 3748; x_wconf 74' lang='lat' dir='ltr'><strong>pis</strong></span> 
     </span>
     <span class='ocr_line' id='line_1_31' title="bbox 369 3770 1380 3862; baseline 0.009 -22"><span class='ocrx_word' id='word_1_253' title='bbox 369 3772 462 3842; x_wconf 79' lang='grc' dir='ltr'><strong><em>πολλ’</em></strong></span> <span class='ocrx_word' id='word_1_254' title='bbox 493 3771 571 3843; x_wconf 74' lang='grc' dir='ltr'><strong><em>ἅττα</em></strong></span> <span class='ocrx_word' id='word_1_255' title='bbox 599 3770 690 3862; x_wconf 79' lang='lat' dir='ltr'><strong>‘o&#39;petu</strong></span> <span class='ocrx_word' id='word_1_256' title='bbox 716 3777 810 3862; x_wconf 75' lang='grc' dir='ltr'><strong><em>εἶναι,</em></strong></span> <span class='ocrx_word' id='word_1_257' title='bbox 846 3777 880 3844; x_wconf 76' lang='grc' dir='ltr'><strong>τό</strong></span> <span class='ocrx_word' id='word_1_258' title='bbox 910 3780 943 3845; x_wconf 80' lang='grc' dir='ltr'><strong>δὲ</strong></span> <span class='ocrx_word' id='word_1_259' title='bbox 973 3779 1052 3854; x_wconf 75' lang='grc' dir='ltr'><em>εἶδος</em></span> <span class='ocrx_word' id='word_1_260' title='bbox 1076 3773 1154 3862; x_wconf 75' lang='lat' dir='ltr'><strong>piri</strong></span> <span class='ocrx_word' id='word_1_261' title='bbox 1181 3783 1213 3844; x_wconf 74' lang='lat' dir='ltr'><strong>ir</strong></span> <span class='ocrx_word' id='word_1_262' title='bbox 1241 3781 1380 3848; x_wconf 80' lang='grc' dir='ltr'><strong><em>ἕκαστον</em></strong></span> 
     </span>
     <span class='ocr_line' id='line_1_32' title="bbox 363 3883 1380 3978; baseline 0.005 -25"><span class='ocrx_word' id='word_1_263' title='bbox 363 3883 472 3978; x_wconf 72' lang='grc' dir='ltr'><strong>μόνον.</strong></span> <span class='ocrx_word' id='word_1_264' title='bbox 520 3887 740 3957; x_wconf 83' lang='lat' dir='ltr'><strong>Consentiunt</strong></span> <span class='ocrx_word' id='word_1_265' title='bbox 768 3889 848 3956; x_wconf 85' lang='lat' dir='ltr'><strong>haec</strong></span> <span class='ocrx_word' id='word_1_266' title='bbox 873 3890 933 3972; x_wconf 89' lang='lat' dir='ltr'><strong>iis,</strong></span> <span class='ocrx_word' id='word_1_267' title='bbox 964 3914 1046 3976; x_wconf 90' lang='lat' dir='ltr'><strong>quae</strong></span> <span class='ocrx_word' id='word_1_268' title='bbox 1074 3891 1168 3956; x_wconf 90' lang='lat' dir='ltr'><strong>Plato</strong></span> <span class='ocrx_word' id='word_1_269' title='bbox 1191 3889 1276 3953; x_wconf 90' lang='lat' dir='ltr'><strong>libro</strong></span> <span class='ocrx_word' id='word_1_270' title='bbox 1300 3893 1380 3957; x_wconf 85' lang='lat' dir='ltr'><strong>rei-</strong></span> 
     </span>
     <span class='ocr_line' id='line_1_33' title="bbox 369 3999 1382 4090; baseline 0.007 -24"><span class='ocrx_word' id='word_1_271' title='bbox 369 4000 521 4090; x_wconf 81' lang='lat' dir='ltr'><strong>publicae</strong></span> <span class='ocrx_word' id='word_1_272' title='bbox 539 3999 603 4069; x_wconf 82' lang='lat' dir='ltr'><strong>Vl.</strong></span> <span class='ocrx_word' id='word_1_273' title='bbox 622 4003 683 4069; x_wconf 84' lang='lat' dir='ltr'><strong>sub</strong></span> <span class='ocrx_word' id='word_1_274' title='bbox 705 4002 762 4070; x_wconf 87' lang='lat' dir='ltr'><strong>fin.</strong></span> <span class='ocrx_word' id='word_1_275' title='bbox 791 4015 824 4068; x_wconf 86' lang='lat' dir='ltr'><strong>et</strong></span> <span class='ocrx_word' id='word_1_276' title='bbox 847 4002 922 4071; x_wconf 86' lang='lat' dir='ltr'><strong>Vll.</strong></span> <span class='ocrx_word' id='word_1_277' title='bbox 951 4003 992 4068; x_wconf 86' lang='lat' dir='ltr'><strong>da</strong></span> <span class='ocrx_word' id='word_1_278' title='bbox 1014 4001 1249 4072; x_wconf 85' lang='lat' dir='ltr'><strong>mathematicis</strong></span> <span class='ocrx_word' id='word_1_279' title='bbox 1271 4001 1382 4074; x_wconf 85' lang='lat' dir='ltr'><strong>disci-</strong></span> 
     </span>
    </p>
   </div>
   <div class='ocr_carea' id='block_1_2' title="bbox 0 0 1462 4988">
    <p class='ocr_par' dir='ltr' id='par_1_18' title="bbox 0 0 1462 4988">
     <span class='ocr_line' id='line_1_34' title="bbox 0 0 1462 4988; baseline 0 0"><span class='ocrx_word' id='word_1_280' title='bbox 0 0 1462 4988; x_wconf 95' lang='lat' dir='ltr'><strong> </strong></span> 
     </span>
    </p>
   </div>
  </div>
 </body>
</html>
