2868 4988
826 337 869 402 88

340 510 391 596 (C.
408 509 465 576 tot.
480 509 538 597 2.).
584 509 775 599 Simplicius
797 507 1000 596 haecmagis
1020 509 1230 598 perstrinxit,
1252 533 1367 599 quam

229 663 232 671 «
340 625 508 714 explicuit.
562 624 635 690 lam
658 622 684 689 si
706 645 803 688 voces
833 622 1004 700 conferas,
1041 624 1182 688 omniuo
1203 648 1246 690 an
1270 626 1366 692 h'aec

255 725 262 743 ⁸
338 741 402 805 sibi
418 735 504 804 inter
524 761 558 803 se
579 748 656 825 apte
677 737 911 825 respondeant,
934 735 1152 801 dubitandum
1177 750 1234 804 est.
1279 741 1367 806 Ne-

326 843 403 939 ⁴que
422 853 513 917 enim
528 841 718 938 Simplicius
740 851 781 915 ad
800 846 838 915 sd
859 844 1026 928 ἐπιστητά,
1049 851 1232 918 secundum
1252 854 1365 919 'ordi-

231 945 233 950 '
253 1015 256 1018 -
337 957 434 1040 nem,
450 965 562 1031 divina
573 963 732 1040 referret,
752 964 836 1029 sicut
849 963 963 1028 retulit
977 961 1184 1054 Philoponus
1199 966 1238 1029 ad
1257 965 1364 1052 νοητὰ

275 1153 278 1170 .
337 1104 406 1158 sua,
426 1103 509 1167 quae
523 1075 598 1144 αὗιὸ
617 1077 651 1144 τὸ
668 1081 742 1156 ζῶον
756 1088 914 1166 tanquam
931 1075 1079 1165 primum
1097 1078 1277 1166 excipiunt.
1320 1081 1362 1146 Si

338 1195 546 1273 Brandisius,
576 1204 611 1257 ut
630 1190 910 1279 quadripartitum
937 1189 1027 1256 hunc
1050 1213 1165 1256 rerum
1193 1193 1360 1260 ordinem

221 1381 224 1396 Ι
340 1330 420 1373 vere
439 1306 649 1396 Platonicum
686 1304 859 1393 probaret,
888 1328 907 1369 e
929 1304 1015 1369 libro
1038 1305 1186 1368 Platonis
1211 1305 1254 1371 de
1278 1331 1360 1396 rep.

335 1420 397 1486 VI.
420 1432 453 1486 et
462 1419 551 1504 ‚VlL
572 1411 706 1504 ε’ἲιιασὶαν
714 1465 723 1498 ,
746 1423 864 1498 πίστιν,
886 1418 1041 1496 uanus,
1069 1413 1175 1502 νόησιν
1196 1423 1359 1501 contulit,

337 1531 524 1626 uerendum
545 1515 608 1607 est,
640 1551 683 1595 ne
712 1534 830 1596 εἰκασία
857 1527 892 1595 in
915 1543 1032 1596 natura
1054 1529 1236 1617 imaginem
1258 1534 1357 1600 rele-

277 1660 280 1678 '
334 1659 430 1712 rente
448 1646 553 1734 posita
576 1645 640 1722 (Pl.
659 1667 690 1733 p.
701 1642 773 1708 510.
790 1644 834 1728 a.)
856 1654 920 1718 tote
933 1647 1117 1729 αἰσθητοῖς,
1139 1667 1224 1731 quae
1242 1647 1355 1732 μερικᾶ

336 1771 369 1826 et
387 1757 485 1844 ἄνομα
506 1759 712 1846 l'hiloponus
742 1767 856 1836 vocat,
885 1769 982 1843 atque
1004 1753 1121 1827 διάνοια
1150 1759 1187 1824 in
1215 1761 1353 1828 mathe-

334 1875 462 1940 maticis
479 1873 539 1938 sita
557 1881 622 1948 τοῖς
637 1867 901 1958 ἒπιστημονινοϊς,
922 1894 1006 1958 quae
1027 1874 1184 1957 tanquam
1205 1873 1352 1940 alterum

335 1989 635 2053 ordinem-rursus
664 2008 741 2051 cum
769 1995 836 2061 τοῖς
856 1978 979 2070 sonante
1007 1983 1199 2062 confundit,
1234 1987 1350 2054 arsinus

334 2101 567 2188 respondeant.
629 2099 667 2162 Si
697 2110 827 2164 certum
863 2110 965 2176 esset,
1011 2097 1094 2164 haec
1129 2099 1171 2164 ab
1200 2099 1261 2165 illis
1296 2123 1346 2166 ex

333 2211 536 2304 Aristotelia
555 2211 643 2277 libro
678 2211 722 2277 de
749 2211 844 2290 Bono
874 2212 1021 2276 secundo
1050 2211 1084 2277 in
1115 2211 1205 2278 huno
1228 2213 1343 2278 locum
1419 2201 1420 2274 ἶ

336 2327 485 2394 derivata
507 2349 594 2392 esse:
617 2324 725 2408 fidem
740 2323 957 2418 haberemus,
978 2323 1015 2392 ad
1032 2324 1063 2390 δ’
1084 2323 1162 2392 ἄλλα
1184 2323 1347 2413 ὁμοιοτρό-

334 2465 400 2518 πως
420 2441 462 2508 ad
484 2440 565 2506 haec
586 2437 651 2504 tria
672 2433 802 2523 reliqua
822 2459 943 2525 genera
963 2438 1145 2528 pertinere.
1190 2439 1254 2506 Sed
1275 2465 1346 2508 non

324 2566 465 2619 ‘certum
489 2564 547 2619 est.
602 2547 1040 2642 iohannemPlsiloponum
1060 2576 1128 2619 non
1152 2553 1257 2643 ipsius
1282 2556 1347 2621 niti

334 2665 526 2764 Aristotelis
554 2643 765 2743 testimoniis,
794 2686 833 2729 eo
865 2665 950 2731 mihi
978 2668 1212 2754 persuadetur,
1242 2671 1346 2756 quod,

334 2803 402 2868 quo
429 2791 529 2844 tetras
552 2778 586 2880 in
610 2776 844 2867 metaphysicis
872 2763 976 2843 relata
1004 2781 1062 2859 sit,
1092 2779 1230 2850 omnino
1252 2793 1349 2849 tacet

336 2893 431 2959 etad
458 2891 672 2978 theologiam
692 2889 850 2972 remittit,
885 2913 952 2978 quo
982 2905 1094 2963 autem
1123 2893 1157 2960 in
1186 2893 1347 2982 physicis,

334 3007 434 3095 plane
462 3006 620 3092 ignorare
644 3003 779 3071 fatetur.
837 3002 1017 3089 Quomodo
1041 3008 1131 3073 enim
1150 3007 1346 3094 ignorasset,

334 3122 363 3189 si
383 3121 443 3186 illo
464 3119 654 3206 Aristotelis
687 3118 729 3182 de
756 3117 969 3208 philosophia
1006 3119 1093 3199 libro
1128 3136 1206 3186 usus
1235 3126 1342 3189 osset?

335 3257 417 3301 uum
446 3245 480 3299 et
507 3232 563 3297 hic
590 3233 725 3298 tacuisse
748 3231 1007 3299 existimandus?
1027 3269 1070 3286 -
1087 3267 1131 3288 ι·
1160 3235 1289 3302 Deinde
1306 3235 1335 3300 si

335 3348 414 3415 dicit
436 3349 472 3412 in
496 3347 554 3424 iis,
586 3368 668 3433 quae
683 3323 811 3412 =serratas
833 3344 1033 3434 feriunt'(e’r
1056 3341 1121 3424 τοῖς
1141 3347 1343 3432 αἰσθητοῖς),

336 3461 482 3526 monada
503 3482 623 3558 capere
644 3451 824 3548 punctum,
847 3459 956 3547 dyada
977 3459 1119 3539 lineam,
1141 3460 1348 3550 triadapla-
1394 3501 1397 3508 ·

256 3656 264 3665 ί
337 3595 436 3652 num,
465 3573 592 3642 tetrada
620 3572 729 3661 ipsum
754 3573 916 3642 solidumz
950 3573 1033 3638 haec
1052 3595 1072 3637 a
1092 3574 1231 3641 Platone
1252 3554 1349 3644 certe

337 3663 427 3752 inter
455 3685 702 3765 mathematica,
731 3709 815 3774 quae
837 3686 891 3752 hic
919 3683 1056 3750 cannino
1080 3688 1228 3773 neglecta
1255 3703 1350 3768 sunt,

337 3798 444 3887 posita
465 3810 589 3876 essent,
618 3812 655 3863 ut
675 3799 749 3868 loca
771 3799 924 3886 quidem,
954 3819 1037 3886 quae
1059 3784 1350 3889 pertractavimus,

337 3935 476 4000 poscere
494 3913 661 3980 videntur.
703 3911 858 3997 Denique
877 3911 935 3978 illa
956 3919 1104 4013 qpoqut,
1126 3915 1272 3998 quaede
1288 3940 1352 3983 re-

219 4009 252 4040 “’
337 4048 416 4092 rum
433 4051 463 4104 ,a
485 4025 655 4116 principiis
689 4024 874 4092 defectione
908 4028 1006 4094 allata
1041 4038 1135 4102 sunt,
1172 4027 1213 4094 ad
1251 4031 1352 4112 cujus
