2868 4988
567 385 610 450 96

77 567 149 623 tur.
194 555 256 622 llla
272 557 380 636 enim,
401 557 434 623 id
453 558 541 644 quod
560 553 711 646 exempla
734 557 860 637 adjecta
880 558 1023 646 probent
1044 559 1094 646 (τὸ
1118 575 1124 592 ’

76 653 270 758 νμνχρῦξερον
285 660 334 724 rol
349 657 555 746 θερμότερον,
578 657 614 725 τὸ
634 654 753 744 σφόδρα
763 659 819 728 ‚rol
834 660 958 746 ἠρέμα),
980 661 1090 726 minut
1112 653 1125 674 ⁸

76 761 213 827 infinite
235 759 393 842 dicenda,
414 779 516 849 quum
536 779 604 826 non
628 760 863 842 determinate,
893 781 1092 848 quemquem

75 873 114 929 et
136 863 173 928 in·
197 862 247 927 his
270 864 379 930 mutui
408 863 531 929 harum
557 864 733 928 notionum
764 865 982 940 commercii,
1003 867 1091 951 quod

78 965 183 1031 etism
197 966 233 1031 in
247 975 368 1054 magno
385 977 417 1032 et
431 987 538 1054 parvo
556 964 716 1044 cernitur,
735 963 915 1053 impressae
930 967 1092 1054 quaedem

80 1065 568 1165 notse'faoileegnescuntur.
631 1066 710 1132 Non
748 1066 860 1132 minus
890 1069 1092 1134 conferenda

78 1181 158 1236 runt
191 1168 307 1236 ταῦιὸν
343 1181 376 1237 et
402 1165 536 1254 θάτερον
569 1167 763 1257 eSophista
793 1169 924 1258 (..prso
949 1172 1026 1258 sq),
1048 1181 1092 1236 et

78 1258 216 1338 Timaei
236 1273 402 1363 principia
424 1273 468 1362 (p
477 1273 530 1338 35.
550 1268 654 1358 sq‘)
634 1297 655 1356 η
676 1270 823 1396 ἀμεμίστη
846 1271 934 1336 οὐσία
954 1285 986 1338 et
1006 1295 1091 1356 μεμε·

76 1370 156 1457 orsi,
177 1375 223 1441 ita
245 1389 375 1458 tamen,
396 1387 433 1440 ut
453 1369 646 1461 θάτερον,
626 1397 789 1458 qpepurtq
810 1372 898 1438 odolo
920 1394 1041 1459 magno
1059 1385 1092 1438 et

74 1497 188 1568 parvo
209 1478 447 1566 respondeant,
469 1477 560 1559 eujus
582 1499 631 1542 ret
623 1475 769 1540 indicia
783 1497 884 1563 supra
903 1495 944 1541 ex
958 1474 1092 1541 Aristo

80 1583 147 1646 tele
169 1580 354 1659 attulimus,
375 1577 468 1645 ταύτὸ
484 1600 566 1646 vero
583 1591 616 1644 et
631 1575 665 1642 ed
687 1577 848 1660 ἀμέριστον
865 1577 897 1642 ei
912 1571 1091 1666 principio,

78 1681 170 1769 quod
185 1681 382 1748 Aristoteles
406 1678 439 1747 ed
463 1685 497 1747 tr
519 1679 725 1768 significavit.
782 1679 900 1764 Neque
922 1680 1091 1766 quomodo

81 1783 156 1850 talis
176 1784 303 1872 duplex
324 1793 442 1850 nature
467 1783 595 1868 (idealis
610 1793 642 1846 el
660 1779 868 1863 materialis),
888 1780 994 1866 qualis
1014 1779 1090 1844 eei·

82 1891 138 1952 roi
171 1895 204 1952 et
230 1885 370 1971 θατέρου
399 1885 569 1950 vocabulis
600 1883 794 1960 denotetur,
829 1885 864 1950 in
902 1903 1024 1968 magno
1059 1889 1092 1947 rt

83 1985 187 2076 patro
200 1977 375 2071 conjuncta
396 1987 534 2073 cogitari
549 1986 668 2075 possit,
690 1997 727 2051 ut
740 1987 935 2052 Brundisius
949 1984 1091 2048 innuere

84 2089 215 2156 ridetur
252 2089 396 2175 (diatrib
418 2090 507 2154 lund.
501 2087 625 2204 Ρ.6.4
644 2087 729 2174 65.,)
757 2089 834 2154 satis
863 2084 1090 2176 perspicimus.

79 2193 132 2257 lte
157 2194 185 2256 si
207 2193 287 2256 haec
309 2192 376 2256 duo
398 2191 560 2284 principia
581 2189 671 2256 inter
692 2215 728 2254 se
751 2192 901 2278 opposite
931 2189 1039 2271 (idem
1059 2193 1091 2252 st

80 2282 324 2384 alterurn)1am
346 2294 417 2358 solo
439 2305 558 2378 magno
580 2303 612 2356 et
633 2313 741 2379 parvo
764 2290 954 2380 occupanda
972 2297 1091 2364 essent,

78 2394 161 2482 quid
185 2395 317 2460 tandem
347 2395 437 2488 ¹apud
460 2395 632 2458 Platonem
660 2393 924 2477 relinqueretur,
960 2399 1027 2475 quo
1054 2385 1089 2455 si

78 2504 129 2577 ἔν,
153 2499 195 2564 de
217 2519 282 2584 quo
301 2498 496 2563 Aristoteles
518 2493 636 2571 tradit,
658 2494 863 2582 pertineret?
884 2525 926 2544 ·-
964 2493 1002 2557 ln
1024 2493 1091 2557 elio'

79 2594 229 2685 Platonis
251 2603 342 2678 loeo,
364 2601 423 2664 illo
445 2598 579 2684 quidem
602 2619 662 2684 per
678 2619 714 2660 se
736 2597 827 2660 claro
847 2606 879 2660 et
892 2593 1027 2670 leviori,
1049 2593 1090 2658 ab

78 2703 264 2774 Aristotele
285 2704 329 2789 tle¹
348 2724 470 2786 magno
488 2711 520 2764 et
541 2721 648 2786 parvo
670 2700 803 2763 edoctus
824 2720 959 2783 gravem
984 2719 1091 2784 quan·

80 2807 157 2873 datu
182 2818 215 2872 et
235 2816 381 2895 opertam
413 2801 524 2889 magni
554 2811 586 2865 et
609 2801 706 2888 parri
735 2800 1008 2886 significationem
1036 2801 1090 2864 in·
1155 2864 1158 2869 ,

83 2910 242 2975 venerim.
271 2907 357 2995 Rep.
371 2905 450 2972 Vll.
466 2927 496 3026 Ρ.
509 2902 584 2969 524.
599 2905 632 2969 d.
663 2898 769 2968 Διὰ-δὲ
786 2901 842 2986 τήν
862 2899 974 2967 τούτου
989 2897 1090 2982 ouqq'·
1109 2951 1111 2958 .

85 3031 175 3088 rerer,
183 3015 257 3096 μέγα
271 3004 310 3074 ed
323 3010 372 3073 καὶ
386 3001 543 3092 σμικρὸνῆ
560 3001 663 3130 νᾶηΡνς
677 3000 859 3090 ἠναμκνσθη
871 3003 999 3082 ἰδεῖν,
967 3028 1002 3066 ον
1017 3026 1091 3085 συγ·Ι

84 3117 243 3195 κεχυμένη,
266 3109 343 3177 deliri
360 3111 551 3193 deurpsrps'ru,
574 3104 790 3207 τοῦναντίυνῆ
815 3108 924 3190 ἐκείνων]
949 3103 1090 3187 Ἀληθῆ·
1148 3121 1151 3130 ’

84 3213 209 3335 Οὗκμῢν
223 3217 368 3281 ἐντεῦθέν
381 3218 494 3276 ποθεν
498 3219 621 3341 requiror
635 3213 690 3293 μὲν
704 3213 860 3293 ἐπέρχεται
875 3203 1031 3290 epse‘lun'
1016 3215 1092 3288 ημῖν

81 3324 113 3382 τί
126 3307 181 3382 οὖν
192 3341 255 3382 ποτ
257 3311 398 3382 ’ἐστὶ
368 3340 403 3378 το
420 3316 494 3399 μέγα
507 3309 547 3379 ud
559 3317 609 3378 καὶ
627 3313 660 3378 τὸ
677 3312 818 3396 σνννμόν·
839 3305 1022 3376 Παντάπασι
1037 3307 1108 3392 μὲν

80 3415 156 3486 οὖν
173 3422 224 3484 ναν
239 3445 318 3482 ουτω
335 3410 419 3497 te,
390 3441 424 3479 eo
439 3441 648 3501 μεν,νοννον,
664 3410 788 3478 rod
750 3438 882 3499 operor
898 3411 1090 3489 εναλεσαμεν
1163 3491 1169 3510 ι

136 3590 140 3594 ,
169 3521 233 3586 Sed
258 3521 396 3604 singulis
419 3518 468 3584 liis
491 3518 571 3582 locis
593 3519 725 3603 gravius
748 3528 814 3591 est,
835 3515 922 3602 quod
943 3514 1006 3578 hae
1028 3535 1091 3576 uo-
1121 3521 1125 3528 '

79 3625 173 3692 titino
193 3645 236 3687 ex
256 3623 438 3689 Aristotele
459 3621 594 3684 haustae
618 3621 657 3684 ab
677 3621 832 3683 universe
848 3617 993 3684 Platonis
1012 3613 1092 3702 phi·

79 3723 354 3815 losophiarfacile
373 3723 604 3813 suscipiuntur.
649 3720 862 3785 Ostendimus
879 3719 986 3795 enim,
1008 3737 1094 3804 quo·

80 3829 188 3894 modo
211 3847 368 3914 magnum
395 3839 435 3890 et·
454 3845 597 3913 parrum
621 3845 698 3886 enm
728 3823 858 3898 locum,
886 3834 922 3886 ut
938 3823 1092 3886 idearum

82 3932 157 3998 vim
172 3929 212 3995 nd
234 3953 287 3994 res
309 3937 519 4004 convertent,
540 3925 601 3990 sibi
622 3937 803 4012 capessant.
847 3924 905 3990 Sin
924 3945 1004 3988 vero
1027 3945 1092 3987 nu-

84 4053 200 4098 meros
220 4031 342 4097 ideeles
363 4033 559 4096 remotiores
579 4039 691 4116 putesr
713 4025 749 4090 hi
765 4024 901 4092 tortasse
920 4049 938 4090 e
956 4025 1094 4090 Platone

335 4145 340 4158 ι
680 4129 702 4190 7
717 4135 732 4163 rt
