2868 4988
832 348 895 416 100

356 525 529 601 videntur,
569 523 672 590 modo
707 519 885 589 retinueris
920 521 1088 610 vulgatam
1119 523 1300 608 lectionem
1328 519 1368 600 ὧς

255 639 260 652 “
355 631 491 720 §rustice
514 623 567 706 tv,
589 619 696 710 ἐπειδή
713 635 792 704 etc,
820 636 858 690 ut
879 624 996 690 existat
1017 625 1194 698 sententia:
1239 623 1367 706 „Unde

356 743 388 796 ct
413 721 466 796 'illi
503 729 563 794 uni
595 728 719 793 bonum
754 727 919 812 assignare
955 727 1078 803 noluit,
1113 729 1203 822 quod
1238 728 1367 794 rationi
1401 695 1402 788 l

356 825 652 907 contrariumssit,
687 822 907 894 multitudinis
941 841 1094 894 naturam
1125 846 1194 894 esse
1222 831 1364 907 malum,
1401 843 1402 902 j

355 953 460 1020 quum
489 928 573 999 nihil
601 949 709 1017 neque
736 931 847 1017 itaque
876 931 987 1019 ipsum
1017 931 1240 1017 bonum-fieri
1263 934 1366 1020 possit
1401 907 1402 956 l

353 1036 420 1100 nisi
448 1035 622 1113 contrariis
648 1034 682 1098 h.
703 1057 730 1098 e.
760 1035 908 1101 multis.“
961 1033 1057 1120 Quae
1092 1036 1181 1100 inter
1216 1048 1252 1098 se
1282 1050 1365 1100 con·-

353 1149 508 1204 sentauea
538 1161 606 1202 non
637 1136 733 1202 facilc
756 1137 948 1227 depromas,
976 1137 1020 1218 si,
1050 1137 1140 1222 quod
1167 1133 1364 1203 Brandisius

353 1240 495 1329 recepit,
532 1240 670 1326 legitur,
699 1230 740 1316 uir
761 1241 923 1327 &sursulus
945 1237 997 1321 ὅν,
1028 1240 1099 1306 ἐπεὶ
1121 1238 1165 1304 6’·
1186 1273 1229 1290 -·
1268 1239 1364 1304 Haec

354 1363 376 1410 e
392 1339 569 1431 Speusippi
598 1338 973 1430 disciplina'arcessere
1002 1361 1021 1406 a
1050 1358 1089 1406 're
1118 1357 1185 1405 non
1213 1340 1363 1408 alienum

353 1467 422 1510 esse
444 1446 615 1519 duximus,
644 1457 681 1510 ut
702 1446 742 1510 iis
762 1445 910 1510 Platonis
931 1443 1090 1510 sententia
1111 1443 1360 1540 quodammodo

214 1629 219 1654 ἱ
268 1563 271 1568 “
352 1559 385 1613 et
407 1547 662 1613 confirmaretur
685 1558 716 1611 et
736 1543 989 1612 illustraretur..

459 1649 509 1714 Ita
536 1650 671 1734 quidem
698 1649 1029 1733 Platoni-summum
1059 1647 1249 1716 ethicorum
1285 1667 1365 1718 cum
1401 1689 1402 1710 Ι

352 1771 483 1817 summo
520 1762 657 1816 naturae
687 1751 854 1839 principio
887 1753 1063 1821 coaluerat.
1099 1756 1100 1764 ’
1126 1733 1242 1834 Quare
1279 1767 1363 1836 erat,

320 1844 323 1855 ’
351 1855 440 1942 quod
477 1852 674 1920 Aristoteles
713 1874 732 1918 e
765 1859 922 1948 quatuor,
965 1871 1044 1939 quas
1080 1855 1206 1943 posuit,
1253 1859 1362 1922 causis

351 1955 560 2044 (metaphys.
583 1957 666 2036 1,»3.
691 1961 734 2020 Α.
755 1971 789 2043 p.
806 1955 836 2018 9.
859 1951 1020 2041 Erant),
1045 1957 1094 2022 ‘vt
1116 1949 1153 2022 οὗ
1181 1960 1282 2037 ἕνεκα,
1322 1960 1359 2025 in

295 2052 297 2067 '
351 2078 418 2146 quo
448 2059 545 2124 liberi
575 2052 704 2122 consilli
726 2067 758 2121 et
789 2057 954 2122 humanae
981 2048 1258 2122 voluntatisratio
1277 2075 1365 2126 rer-

296 2225 299 2238 ,
349 2174 457 2238 satur,
487 2159 660 2224 aPlatone
684 2158 794 2224 minus
816 2169 990 2224 tractatum
1013 2160 1231 2247 vituperaret,
1267 2161 1364 2227 sicut
1401 2155 1402 2232 l

350 2275 384 2329 et
410 2245 444 2326 16
473 2256 599 2327 tuo
579 2279 614 2346 p
629 2259 704 2347 ἀρχὴ
735 2265 789 2343 τῆς
818 2258 962 2347 κινήσεως
991 2260 1026 2326 in
1055 2263 1123 2345 ejus
1145 2261 1362 2350 philosophia

350 2365 559 2431 desiderabat
588 2362 650 2448 (cf.
680 2363 866 2450 metaphys.
902 2367 934 2443 Ι,
964 2364 995 2427 6.
1026 2370 1067 2430 A.
1095 2363 1195 2454 p.21.
1227 2364 1358 2431 Brand

348 2469 444 2560 phys.
468 2469 510 2534 ΙΙ
527 2467 559 2533 3
578 2459 639 2545 7..)
689 2461 871 2551 Utriusque
901 2465 1045 2532 notionis
1074 2479 1240 2532 mentem
1254 2471 1358 2555 magis

349 2572 518 2657 magisque
543 2567 605 2634 sihi
635 2567 800 2632 consciam
821 2567 941 2631 factam
967 2589 1054 2648 esse,
1085 2568 1292 2650 Aristoteli
1286 2595 1357 2636 ma-

348 2677 440 2738 xime
460 2665 672 2758 philosophia
694 2681 869 2756 acceptum
887 2667 1002 2734 refert.
1034 2706 1038 2716 ‹
1058 2664 1135 2753 Quo
1150 2681 1196 2734 set
1218 2669 1352 2738 naturae

348 2775 489 2841 atvitae
509 2757 752 2860 principiorum
776 2771 967 2836 discrimine
990 2780 1129 2847 statuto,
1153 2772 1310 2840 discessit
1324 2785 1347 2838 st

347 2888 486 2945 naturae
506 2875 681 2943 necessitas
703 2887 735 2939 et
755 2869 1071 2952 hominis'libertas,
1102 2873 1183 2940 dum
1203 2877 1243 2941 in
1264 2901 1359 2944 sum-

347 3001 404 3045 mo
426 2977 576 3043 sontein
598 2989 746 3042 mutuam
772 2977 922 3041 redirent
948 2975 1146 3040 societatem.

429 3055 515 3144 'Jam
546 3079 761 3166 sicut-supra
788 3065 943 3166 physica,
973 3073 1018 3141 ita
1041 3076 1094 3140 hic
1118 3069 1243 3158 ethica,
1275 3105 1364 3168 qua-

346 3194 441 3246 tenus
469 3202 488 3245 e
516 3204 650 3275 summa!
682 3193 715 3245 et
743 3183 898 3245 universa
932 3178 1144 3266 philosophia
1188 3197 1361 3258 emanant,

245 3273 247 3284 ’
347 3285 524 3368 attigimus.
569 3281 723 3368 Singulae
746 3303 826 3348 vero
848 3279 1076 3370 philosophiae
1097 3293 1207 3371 partes
1230 3284 1274 3348 ab
1295 3285 1364 3350 hoc

347 3387 497 3450 instituto
523 3397 638 3451 nostro
660 3384 869 3464 remotiores,
891 3397 926 3449 ut
945 3385 1012 3468 jam
1035 3385 1075 3450 ab
1094 3385 1173 3476 ipsis
1194 3385 1365 3454 limitibus

346 3490 466 3579 pedem
488 3487 617 3556 referre
635 3488 817 3573 jubeamur.

715 3757 948 3794 '.,.,.=
