2868 4988
635 473 639 498 .
828 381 921 500 '42⁸

448 552 499 618 Ex
530 549 590 629 iis,
626 525 709 636 qhae
740 531 880 638 tractata,
907 561 997 628 sunt,
1039 567 1202 640 apparete
1231 553 1376 630 videtur,

363 664 579 732 Aristotelem
595 663 686 730 ideas
700 662 810 728 minus
825 643 966 750 cepisse,
996 676 1032 728 ut
1048 665 1213 746 contraria
1226 667 1375 732 notionis

362 779 400 844 vi
414 779 599 864 subigentes
614 788 645 842 et
661 777 889 858 conciliantes,
914 788 951 842 ut
967 776 1229 858 contrariorum,
1252 778 1373 863 quibus

276 975 281 984 ¹
361 915 424 979 per
445 915 479 956 se
500 891 541 955 ab
563 890 668 954 altero
692 888 733 954 ad
748 889 891 976 altarum
908 889 1076 954 dialectica
1090 889 1259 972 jactamur,
1281 891 1373 956 inter

363 1027 398 1068 se
429 1015 644 1080 consensum,
678 1011 722 1068 ne
750 1001 857 1074 dicatu
874 989 1371 1087 -unitatequuemadmodu'm

363 1137 417 1179 eas
448 1115 538 1179 Plato
570 1114 605 1179 in
635 1114 835 1181 Parmenid'e
871 1127 904 1181 et
931 1114 1085 1202 Sophista
1114 1116 1271 1191 ostendit,
1307 1117 1368 1180 sed

362 1227 483 1314 magis,
519 1227 801 1314 quemadmodum
831 1226 867 1292 in
896 1217 1089 1307 Ph'aedone,
1126 1249 1226 1313 quem
1244 1229 1368 1306 laudat,

282 1319 285 1330 ¹
362 1363 446 1428 quae
478 1341 520 1405 sit
547 1339 700 1406 idearum
732 1339 774 1404 ad
809 1319 1036 1426 resssensibus
1064 1341 1227 1430 expositas
1256 1340 1304 1406 vis
1335 1355 1367 1406 et

361 1453 466 1532 ratio,
499 1463 615 1539 atque,
648 1453 928 1538 quemadmodum
953 1453 991 1519 in
1018 1453 1105 1560 lilpro
1128 1453 1274 1519 Platonis
1296 1455 1366 1519 rei·

361 1565 512 1654 publicae
540 1563 615 1631 vlt.
644 1563 858 1652 significatum
892 1577 958 1643 est,
992 1569 1048 1652 qul
1075 1567 1115 1630 ad
1146 1566 1302 1633 virtutem
1334 1580 1367 1633 et

362 1678 449 1744 vitae
480 1679 607 1746 bonum
632 1678 824 1766 pertineant
858 1677 921 1764 (ot.
953 1679 1017 1748 eth.
1046 1680 1086 1745 ad
1116 1675 1247 1748 Nichm.
1275 1681 1297 1745 l.
1332 1682 1364 1744 4.

363 1811 471 1878 magn.
493 1813 579 1879 mor.
594 1789 620 1856 I.
636 1789 666 1860 1.
686 1792 728 1858 ad
746 1791 887 1863 Eadem.
908 1793 933 1858 Ι.
947 1792 1002 1878 8).
1023 1865 1026 1872 ,
1046 1791 1255 1878 Quamquam
1270 1793 1364 1872 illud,

363 1882 505 1984 „omnia
533 1903 685 1984 fluers,“
720 1927 740 1972 e
767 1926 834 1991 quo
858 1903 990 1991 quidem
1013 1905 1048 1969 in
1073 1904 1248 1976 Phaedone
1270 1906 1363 1971 ideae

361 2039 431 2086 non
453 2027 568 2086 enatae
589 2027 683 2092 sunt,
718 2016 774 2084 sed
802 2017 890 2102 quod
921 2017 1116 2086 Aristoteles
1142 2017 1224 2086 ideis
1249 2019 1362 2090 locum

363 2127 490 2195 dedisse
518 2127 624 2216 iisque
651 2128 744 2215 quasi
768 2129 895 2200 victum
917 2154 986 2195 esse
1007 2130 1125 2211 tradit,
1158 2129 1209 2193 isti
1229 2139 1360 2194 contra-

246 2236 248 2246 '
363 2239 492 2305 riorum
520 2239 608 2306 inter
633 2263 669 2306 se
694 2241 932 2330 repugnantiae
962 2266 1026 2311 rton
1055 2242 1211 2313 dissimile
1229 2241 1363 2306 credas:

362 2364 474 2421 tamen
497 2353 640 2422 muttum
661 2353 815 2432 interest,
853 2365 965 2420 utrum
989 2354 1069 2419 haec
1091 2353 1203 2418 fluxae
1224 2376 1283 2419 nec
1302 2354 1371 2419 sihi

301 2449 302 2457 ἵ
362 2466 537 2534 constantis
565 2464 703 2532 rationis
728 2467 888 2533 sententis
918 2462 1021 2552 magis
1059 2491 1078 2532 e
1111 2489 1227 2532 rerum
1248 2475 1369 2536 natura

363 2590 520 2670 concepta
540 2579 600 2656 sit,
629 2600 672 2643 su
694 2578 776 2644 haec
796 2579 1041 2646 contrariorum
1056 2578 1273 2666 repugnantia
1294 2579 1372 2642 dia·
1419 2591 1420 2682 l

362 2691 476 2756 lectice
502 2691 574 2779 ipsa
603 2688 740 2760 notione
767 2711 837 2756 sese
863 2690 1027 2755 obtulerlt.
1078 2691 1207 2775 Quodsi
1236 2691 1276 2756 sb
1304 2689 1371 2756 hae
1419 2697 1420 2783 l

363 2802 499 2887 quidem
521 2791 830 2888 parte'Aristhteles
845 2803 989 2870 Platonis
1002 2801 1089 2868 ideas
1103 2803 1213 2868 minus
1228 2804 1373 2883 curavit,

363 2937 406 2980 ex
440 2937 480 2979 eo
515 2937 583 2980 non
617 2913 842 3002 colligendum
875 2925 939 2993 est,
975 2912 1190 2981 Aristotelem
1220 2905 1372 2982 Platonis

359 3021 598 3094 Parmenidem
620 3038 653 3093 et
673 3027 862 3118 sophistam
882 3027 952 3094 sive
974 3050 1043 3094 non
1065 3028 1194 3093 novisse
1209 3029 1278 3095 sive
1295 3053 1371 3095 non

355 3139 547 3230 agnovisse.
593 3133 844 3230 Eorumseuim
876 3141 965 3229 apud
993 3140 1207 3208 Aristotelem
1230 3141 1370 3227 vestigia

257 3295 260 3308 ·
361 3273 462 3340 supra
482 3251 749 3320 monstravimus

448 3365 607 3453 Quaestio
629 3375 679 3432 est
698 3361 956 3432 celebratissm
969 3365 1120 3452 antiquae
1136 3363 1373 3454 philosophiae

362 3475 577 3565 scriptoribus
606 3477 649 3544 de
682 3477 854 3559 idearum,
887 3460 986 3562 duam
1009 3478 1140 3557 dicunt,
1178 3478 1377 3558 substantia,

363 3613 406 3654 an
429 3590 522 3662 Plato
542 3588 634 3655 ideas
653 3588 847 3665 substantias
867 3587 984 3656 fecerit
1009 3573 1122 3656 necne.
1166 3590 1263 3677 Quae
1285 3593 1376 3658 sub·

362 3701 501 3768 stantiae
527 3713 595 3766 vox
622 3699 786 3788 ambigua.
838 3699 955 3766 Solent
975 3701 1066 3768 enim
1087 3701 1195 3770 οὐσίαν
1214 3702 1378 3770 substan-

364 3815 445 3880 tiam
462 3823 604 3880 vertere.
636 3811 736 3880 Οὖσία
749 3791 884 3902 quidem
897 3813 934 3880 in
948 3813 1037 3880 ideas
1052 3817 1202 3882 omnium
1219 3817 1373 3882 maxima

353 3925 468 4008 cadit,
491 3909 648 4013 quoniam
667 3938 745 3993 sunt
765 3923 860 4004 dstote
874 3923 920 3994 ὅν.
964 3926 1028 3992 Sed
1052 3927 1251 3994 substantioe
1266 3951 1377 4014 quaes
1415 3989 1416 4005 ,

364 4039 441 4127 dam
468 4037 648 4130 subrepere
675 4038 763 4108 solet
784 4038 964 4152 mptcriac,
1000 4062 1083 4131 quae
1112 4041 1222 4114 losum
1253 4053 1382 4124 tenent,
