2868 4988
564 370 607 435 43

73 547 215 638 species.
259 541 354 608 Haec
375 521 458 606 vero
480 541 521 608 ab
543 539 599 609 illa
612 539 701 632 ciclo
713 564 773 628 per
787 563 823 608 se
836 544 973 608 omnino
988 537 1089 622 abest,

76 671 119 724 ut
140 657 215 724 satis
228 664 368 720 testatur
379 652 473 719 locus
487 653 629 742 metaph.
642 651 720 719 VII.
734 654 766 717 7.
781 660 817 721 Ζ.
829 676 863 741 p.
878 653 950 721 140.
965 655 1089 723 Brund.
1103 657 1109 664 “

77 771 185 842 Unde
214 768 279 834 boo
309 764 568 854 philosophandi
596 765 767 833 subtilitati
795 745 942 833 dandum
967 765 1090 847 fuisset,

82 894 124 950 ut
144 881 232 948 cisio
254 876 395 945 essentia
422 875 606 957 diceretur,
642 876 769 945 etiarnsi
797 900 866 944 vox
893 897 963 946 non
981 877 1091 962 iamiar

86 996 396 1070 Ciceroneexcusa
424 1001 456 1053 et
485 991 630 1058 Senecae
648 989 843 1056 auctoritate
864 991 988 1088 sancita
1008 1001 1097 1060 esset

85 1096 151 1180 (cf.
180 1107 293 1201 Sencc
330 1124 384 1190 ep.
410 1101 482 1186 58).
534 1102 632 1186 Quae
663 1103 803 1170 essentia
824 1103 995 1198 ⁴idearum
1033 1113 1092 1168 est.

85 1218 208 1285 Errori
230 1228 358 1293 autem,
390 1238 458 1303 quo
480 1214 660 1280 substantia
681 1217 842 1302 quaedam
863 1219 900 1283 in
921 1217 1015 1282 coelo
1036 1227 1093 1282 aut
1137 1293 1142 1304 Ι

88 1330 210 1417 quovis
221 1329 292 1394 ‘alio
312 1329 385 1394 loco
407 1327 513 1418 posita
531 1328 572 1392 ad
588 1327 678 1395 ideas
690 1328 853 1405 refertur,
874 1329 931 1393 illa
947 1330 1093 1395 maxime

26 1481 34 1492 ·
91 1443 197 1508 animi
226 1450 299 1536 ante
332 1440 419 1506 bano
446 1440 549 1510 vitam
577 1442 614 1507 in
643 1443 737 1508 coelo
764 1439 952 1508 circumacti
981 1441 1093 1528 ibique

50 1593 56 1608 .
88 1555 179 1620 ideas
206 1551 363 1620 intuentis
389 1551 426 1618 in
453 1551 609 1619 Phaedro
635 1554 832 1640 (inscriptio,
867 1552 1094 1643 pulcherrima

86 1667 144 1732 illa
175 1665 330 1752 quidem,
366 1664 424 1730 sed
446 1663 592 1748 „fabulae
627 1665 826 1762 imaginibus
861 1679 893 1740 ct
927 1666 1093 1732 coloribus
1130 1733 1132 1741 .

86 1779 221 1857 induta,
246 1776 454 1843 occasionem
474 1777 664 1865 praebuisse
683 1778 823 1844 videtur.
872 1779 1094 1845 iamdudum

91 1914 112 1956 e
132 1891 322 1956 Platone‘et
344 1887 491 1954 maxime
511 1910 552 1954 ex
565 1886 1024 1978 ejusParmenideostentum
1037 1902 1097 1980 est,
1165 1887 1168 1898 '

6 2045 7 2048 =
88 2025 177 2090 quae
195 2025 275 2069 vera
295 2001 334 2067 in
356 2001 418 2067 hac
439 2026 477 2067 re
498 1997 648 2066 idearum
665 2001 708 2067 sit
722 2002 818 2069 ratio.
861 2001 927 2068 Sed
943 2002 1095 2066 hocloco

24 2119 29 2134 ‘
90 2116 317 2200 quaerendum
340 2126 406 2193 est,
433 2112 600 2200 quomodo
622 2113 712 2179 ideas
732 2138 801 2180 esse
822 2101 1021 2196 Aristoteles
1041 2115 1096 2179 iu·

92 2198 270 2306 telleirerit.
312 2227 389 2292 ·Est
419 2245 504 2302 vox,
546 2247 629 2310 quae
649 2226 691 2291 de
713 2226 772 2291 bac
792 2225 946 2293 idearum
966 2226 1097 2292 ratione

94 2339 279 2404 identidem
300 2339 384 2428 apud
407 2337 496 2403 hunc
516 2337 631 2414 redit..
652 2336 826 2404 Platonem
848 2339 938 2404 ideas
958 2363 978 2404 a
998 2341 1096 2405 rebus

73 2505 76 2510 .
96 2462 280 2538 segregatas
299 2449 413 2516 fecisse
435 2448 593 2537 (χωρίσαι,
612 2448 755 2537 χωριστὰς
776 2450 924 2538 ποιῆσαι)
946 2464 978 2520 et
998 2475 1098 2541 prae-

70 2561 74 2568 ’
93 2577 147 2630 ter
166 2588 220 2630 res
239 2563 384 2653 posuisse
405 2558 508 2648 (παρὰ
530 2558 567 2626 τὰ
588 2560 760 2650 αἰσθητά).
801 2570 850 2634 Ita
869 2565 1054 2653 metaphys.
1069 2573 1097 2634 1.

95 2675 127 2740 6.
151 2682 190 2740 A.
213 2699 246 2764 p.
266 2675 318 2744 20.
341 2675 466 2740 Beana.
502 2677 593 2742 run.
614 2674 648 2742 4.
664 2663 719 2768 ΙΜ’.
742 2700 776 2766 p.
795 2677 879 2742 966.1
905 2683 972 2744 vu.
992 2679 1043 2745 14.
1065 2686 1119 2744 a„
1184 2705 1190 2722 ·

94 2811 131 2878 p.
148 2787 221 2854 1⁵7.
234 2787 359 2855 B‘rand.
387 2788 451 2853 etb.
472 2786 514 2852 ad
536 2783 670 2869 Nicom.
688 2793 712 2852 1.
731 2788 762 2853 4.
781 2811 890 2876 magn·
912 2811 997 2860 mor.
1014 2799 1043 2857 Ι.
1066 2790 1097 2860 1.

96 2903 138 2968 ad
160 2899 302 2966 Eudem.
319 2905 344 2966 Ι.
365 2899 397 2968 8.
422 2910 481 2965 etc.
508 2933 552 2951 -
595 2897 725 2983 Quibus
748 2902 859 2967 verbis
881 2900 977 2990 facile
997 2902 1112 2969 iudan·
1183 2961 1187 2972 ,
1214 2971 1219 2994 ‚

101 3015 197 3092 caris,
225 3023 263 3082 ut
285 3013 416 3091 credas,
438 2995 652 3078 Aristotelem
672 3014 803 3080 tradere
825 3014 913 3080 ideas
935 3025 1097 3082 exstantes

95 3139 231 3218 praeter
253 3149 326 3206 res,
358 3145 496 3210 eamque
521 3125 717 3192 sententiam
740 3125 917 3225 confirmes
936 3129 1099 3214 quodam-

95 3241 200 3307 modo
220 3264 241 3306 e
262 3236 406 3316 tutione,
433 3257 497 3320 qua
520 3248 635 3302 contra
650 3237 735 3302 bano
751 3251 955 3324 segregatam
968 3262 987 3304 a
1001 3240 1100 3306 rebus

91 3354 252 3434 idearum
281 3361 432 3416 naturam
455 3348 615 3437 disputat,
655 3359 693 3414 ut
717 3350 901 3438 metaphys.
925 3357 982 3419 ΠΙ.
1003 3353 1035 3418 2.
1057 3359 1099 3421 Β.

101 3485 140 3554 p.
130 3463 205 3532 4,6.
216 3453 344 3530 Brund.
383 3458 461 3545 Quo
476 3461 550 3526 loco
566 3481 669 3546 quum
684 3460 806 3549 duplex
821 3462 923 3544 ratio,
954 3486 1018 3552 qua
1030 3489 1100 3532 esse

102 3576 199 3642 ideas
224 3573 357 3663 cogitari
384 3565 506 3662 possit,
532 3555 603 3640 sirei
619 3586 751 3663 practer
772 3599 826 3644 res
843 3576 913 3644 sive
932 3574 970 3643 in
992 3577 1101 3659 rebus,

97 3691 191 3758 inter
207 3711 242 3753 se
262 3695 451 3796 opponatur
473 3696 507 3752 et
520 3695 659 3772 utraque
673 3686 863 3755 refellatur:
884 3686 981 3756 facile
994 3702 1101 3783 putes,

96 3801 294 3870 universam
322 3783 578 3888 disputationem
605 3821 726 3886 parum
753 3800 815 3866 sibi
837 3814 1004 3882 constare,
1038 3803 1102 3873 nisi
1134 3831 1137 3838 ’
1165 3829 1168 3840 ·

97 3917 275 4002 cogitasset
293 3910 510 3990 Aristoteles,
539 3907 630 3978 ideas
651 3921 685 3976 et
705 3907 742 3976 sd
764 3912 891 3994 μεταξύ,
921 3915 992 3980 etsi.
1003 3935 1104 4002 pras-

95 4040 152 4098 ter
183 4049 239 4096 res
263 4024 406 4116 singulas
438 4021 587 4092 sensibus
616 4022 791 4108 subjectas.
828 4037 941 4098 tanen
968 4009 1004 4094 io
1031 4027 1102 4118 ipse
